
  <record>
    <leader>01000aam  22002601a 4500</leader>
    <controlfield tag="001">YPZ95139</controlfield>
    <controlfield tag="003">YPZ</controlfield>
    <controlfield tag="005">201205081748000</controlfield>
    <controlfield tag="008">120508|###########||||||b||||||||||spa|d</controlfield>
    <datafield tag="020" ind1=" " ind2=" ">
      <subfield code="a">9789871242511</subfield>
    </datafield>
    <datafield tag="040" ind1=" " ind2=" ">
      <subfield code="c">SIUNPA</subfield>
    </datafield>
    <datafield tag="041" ind1=" " ind2=" ">
      <subfield code="a">spa</subfield>
    </datafield>
    <datafield tag="044" ind1=" " ind2=" ">
      <subfield code="a">AR</subfield>
    </datafield>
    <datafield tag="082" ind1=" " ind2=" ">
      <subfield code="a">331.5.024.5 F819c</subfield>
    </datafield>
    <datafield tag="100" ind1=" " ind2=" ">
      <subfield code="a">Franciscovic, Karina.</subfield>
    </datafield>
    <datafield tag="245" ind1=" " ind2=" ">
      <subfield code="a">Las cooperativas de trabajo</subfield>
      <subfield code="b"> : herramientas del Estado como política de desarrollo</subfield>
    </datafield>
    <datafield tag="250" ind1=" " ind2=" ">
      <subfield code="a">1a ed.</subfield>
    </datafield>
    <datafield tag="260" ind1=" " ind2=" ">
      <subfield code="a">Río Gallegos</subfield>
      <subfield code="b"> : Universidad Nacional de la Patagonia Austral, UNPAedita</subfield>
      <subfield code="c"> , 2011</subfield>
    </datafield>
    <datafield tag="500" ind1=" " ind2=" ">
      <subfield code="a">Otro subtít.: Caso: programa de generación de empleo cooperativo en la ciudad de Río Gallegos</subfield>
    </datafield>
    <datafield tag="942" ind1=" " ind2=" ">
      <subfield code="c">BK</subfield>
    </datafield>
    <datafield tag="952" ind1=" " ind2=" ">
      <subfield code="a">BIB_UACO</subfield>
      <subfield code="b">BIB_UACO</subfield>
      <subfield code="d">2012-05-08</subfield>
      <subfield code="y">BK</subfield>
      <subfield code="p">02-42396</subfield>
    </datafield>
    <datafield tag="952" ind1=" " ind2=" ">
      <subfield code="a">BIB_UACO</subfield>
      <subfield code="b">BIB_UACO</subfield>
      <subfield code="d">2012-05-08</subfield>
      <subfield code="y">BK</subfield>
      <subfield code="p">02-42397</subfield>
    </datafield>
    <datafield tag="952" ind1=" " ind2=" ">
      <subfield code="a">BIB_UART</subfield>
      <subfield code="b">BIB_UART</subfield>
      <subfield code="d">2012-05-08</subfield>
      <subfield code="y">BK</subfield>
      <subfield code="p">03-42414</subfield>
    </datafield>
    <datafield tag="952" ind1=" " ind2=" ">
      <subfield code="a">BIB_UASJ</subfield>
      <subfield code="b">BIB_UASJ</subfield>
      <subfield code="d">2012-05-08</subfield>
      <subfield code="y">BK</subfield>
      <subfield code="p">04-42406</subfield>
    </datafield>
    <datafield tag="952" ind1=" " ind2=" ">
      <subfield code="a">BIB_UARG</subfield>
      <subfield code="b">BIB_UARG</subfield>
      <subfield code="d">2012-05-08</subfield>
      <subfield code="y">BK</subfield>
      <subfield code="p">05-42410</subfield>
    </datafield>
    <datafield tag="952" ind1=" " ind2=" ">
      <subfield code="a">BIB_UARG</subfield>
      <subfield code="b">BIB_UARG</subfield>
      <subfield code="d">2012-05-08</subfield>
      <subfield code="y">BK</subfield>
      <subfield code="p">05-42411</subfield>
    </datafield>
    <datafield tag="952" ind1=" " ind2=" ">
      <subfield code="a">BIB_UARG</subfield>
      <subfield code="b">BIB_UARG</subfield>
      <subfield code="d">2012-10-30</subfield>
      <subfield code="y">BK</subfield>
      <subfield code="p">05-43358</subfield>
    </datafield>
    <datafield tag="952" ind1=" " ind2=" ">
      <subfield code="a">BIB_UARG</subfield>
      <subfield code="b">BIB_UARG</subfield>
      <subfield code="d">2012-10-30</subfield>
      <subfield code="y">BK</subfield>
      <subfield code="p">05-43359</subfield>
    </datafield>
    <datafield tag="952" ind1=" " ind2=" ">
      <subfield code="a">BIB_UARG</subfield>
      <subfield code="b">BIB_UARG</subfield>
      <subfield code="d">2012-10-30</subfield>
      <subfield code="y">BK</subfield>
      <subfield code="p">05-43360</subfield>
    </datafield>
    <datafield tag="952" ind1=" " ind2=" ">
      <subfield code="a">BIB_UARG</subfield>
      <subfield code="b">BIB_UARG</subfield>
      <subfield code="d">2012-10-30</subfield>
      <subfield code="y">BK</subfield>
      <subfield code="p">05-43361</subfield>
    </datafield>
    <datafield tag="952" ind1=" " ind2=" ">
      <subfield code="a">BIB_UARG</subfield>
      <subfield code="b">BIB_UARG</subfield>
      <subfield code="d">2012-10-30</subfield>
      <subfield code="y">BK</subfield>
      <subfield code="p">05-43362</subfield>
    </datafield>
    <datafield tag="952" ind1=" " ind2=" ">
      <subfield code="a">BIB_UARG</subfield>
      <subfield code="b">BIB_UARG</subfield>
      <subfield code="d">2012-10-30</subfield>
      <subfield code="y">BK</subfield>
      <subfield code="p">05-43363</subfield>
    </datafield>
    <datafield tag="952" ind1=" " ind2=" ">
      <subfield code="a">BIB_UARG</subfield>
      <subfield code="b">BIB_UARG</subfield>
      <subfield code="d">2012-10-30</subfield>
      <subfield code="y">BK</subfield>
      <subfield code="p">05-43364</subfield>
    </datafield>
    <datafield tag="952" ind1=" " ind2=" ">
      <subfield code="a">BIB_UARG</subfield>
      <subfield code="b">BIB_UARG</subfield>
      <subfield code="d">2012-10-30</subfield>
      <subfield code="y">BK</subfield>
      <subfield code="p">05-43365</subfield>
    </datafield>
    <datafield tag="952" ind1=" " ind2=" ">
      <subfield code="a">BIB_UARG</subfield>
      <subfield code="b">BIB_UARG</subfield>
      <subfield code="d">2012-10-30</subfield>
      <subfield code="y">BK</subfield>
      <subfield code="p">05-43366</subfield>
    </datafield>
    <datafield tag="952" ind1=" " ind2=" ">
      <subfield code="a">SAT_TRUN</subfield>
      <subfield code="b">SAT_TRUN</subfield>
      <subfield code="d">2012-05-08</subfield>
      <subfield code="y">BK</subfield>
      <subfield code="p">10-42429</subfield>
    </datafield>
    <datafield tag="952" ind1=" " ind2=" ">
      <subfield code="a">SAT_PBNA</subfield>
      <subfield code="b">SAT_PBNA</subfield>
      <subfield code="d">2012-05-08</subfield>
      <subfield code="y">BK</subfield>
      <subfield code="p">11-42432</subfield>
    </datafield>
    <datafield tag="952" ind1=" " ind2=" ">
      <subfield code="a">SAT_CLFT</subfield>
      <subfield code="b">SAT_CLFT</subfield>
      <subfield code="d">2012-05-08</subfield>
      <subfield code="y">BK</subfield>
      <subfield code="p">12-42431</subfield>
    </datafield>
    <datafield tag="952" ind1=" " ind2=" ">
      <subfield code="a">SAT_PMDN </subfield>
      <subfield code="b">SAT_PMDN </subfield>
      <subfield code="d">2012-05-08</subfield>
      <subfield code="y">BK</subfield>
      <subfield code="p">15-42428</subfield>
    </datafield>
    <datafield tag="952" ind1=" " ind2=" ">
      <subfield code="a">SAT_PDES</subfield>
      <subfield code="b">SAT_PDES</subfield>
      <subfield code="d">2012-05-08</subfield>
      <subfield code="y">BK</subfield>
      <subfield code="p">16-42430</subfield>
    </datafield>
    <datafield tag="952" ind1=" " ind2=" ">
      <subfield code="a">SAT_RGRA</subfield>
      <subfield code="b">SAT_RGRA</subfield>
      <subfield code="d">2012-05-08</subfield>
      <subfield code="y">BK</subfield>
      <subfield code="p">17-42427</subfield>
    </datafield>
    <datafield tag="952" ind1=" " ind2=" ">
      <subfield code="a">SAT_GREG</subfield>
      <subfield code="b">SAT_GREG</subfield>
      <subfield code="d">2012-05-08</subfield>
      <subfield code="y">BK</subfield>
      <subfield code="p">18-42426</subfield>
    </datafield>
    <datafield tag="952" ind1=" " ind2=" ">
      <subfield code="a">SAT_USHU</subfield>
      <subfield code="b">SAT_USHU</subfield>
      <subfield code="d">2012-05-08</subfield>
      <subfield code="y">BK</subfield>
      <subfield code="p">19-42305</subfield>
    </datafield>
  </record>