
  <record>
    <leader>01000aam  22002601a 4500</leader>
    <controlfield tag="001">YPZ95159</controlfield>
    <controlfield tag="003">YPZ</controlfield>
    <controlfield tag="005">201205101300470</controlfield>
    <controlfield tag="008">120510|###########||||||b||||||||||spa|d</controlfield>
    <datafield tag="040" ind1=" " ind2=" ">
      <subfield code="c">SIUNPA</subfield>
    </datafield>
    <datafield tag="041" ind1=" " ind2=" ">
      <subfield code="a">spa</subfield>
    </datafield>
    <datafield tag="044" ind1=" " ind2=" ">
      <subfield code="a">AR</subfield>
    </datafield>
    <datafield tag="082" ind1=" " ind2=" ">
      <subfield code="a">821.111(73) H399r</subfield>
    </datafield>
    <datafield tag="100" ind1=" " ind2=" ">
      <subfield code="a">Hawthorne, Nathaniel.</subfield>
    </datafield>
    <datafield tag="700" ind1=" " ind2=" ">
      <subfield code="a">Melville, Herman.</subfield>
    </datafield>
    <datafield tag="245" ind1=" " ind2=" ">
      <subfield code="a">Relatos</subfield>
      <subfield code="c"> / Rest, Jaime, estudio prelim. ; Masullo, Eduardo, tr. ; Meyer, Mirta, tr. ; Gardini, Carlos, tr.</subfield>
    </datafield>
    <datafield tag="260" ind1=" " ind2=" ">
      <subfield code="a">Buenos Aires</subfield>
      <subfield code="b"> : Centro Editor de América Latina</subfield>
      <subfield code="c"> , 1981</subfield>
    </datafield>
    <datafield tag="440" ind1=" " ind2=" ">
      <subfield code="a">Biblioteca básica universal</subfield>
      <subfield code="v">32</subfield>
    </datafield>
    <datafield tag="490" ind1=" " ind2=" ">
      <subfield code="a">Biblioteca básica universal</subfield>
      <subfield code="v">32</subfield>
    </datafield>
    <datafield tag="505" ind1="0" ind2="0">
      <subfield code="g">p. 9-43</subfield>
      <subfield code="g">- LITERATURA NORTEAMERICANA|- CUENTO</subfield>
      <subfield code="r">Hawthorne, Nathaniel</subfield>
      <subfield code="t">La hija de Rappaccini</subfield>
    </datafield>
    <datafield tag="505" ind1="0" ind2="0">
      <subfield code="g">p. 41-60</subfield>
      <subfield code="g">- LITERATURA NORTEAMERICANA|- CUENTO</subfield>
      <subfield code="r">Hawthorne, Nathaniel</subfield>
      <subfield code="t">El velo negro. Una parábola</subfield>
    </datafield>
    <datafield tag="505" ind1="0" ind2="0">
      <subfield code="g">p. 61-72</subfield>
      <subfield code="g">- LITERATURA NORTEAMERICANA|- CUENTO</subfield>
      <subfield code="r">Hawthorne, Nathaniel</subfield>
      <subfield code="t">El experimento del doctor Heidegger</subfield>
    </datafield>
    <datafield tag="505" ind1="0" ind2="0">
      <subfield code="g">p. 75-118</subfield>
      <subfield code="g">- LITERATURA NORTEAMERICANA|- CUENTO</subfield>
      <subfield code="r">Melville, Herman</subfield>
      <subfield code="t">Bartleby</subfield>
    </datafield>
    <datafield tag="505" ind1="0" ind2="0">
      <subfield code="g">p. 119-127</subfield>
      <subfield code="g">- LITERATURA NORTEAMERICANA|- CUENTO</subfield>
      <subfield code="r">Melville, Herman</subfield>
      <subfield code="t">El vendedor de pararrayos</subfield>
    </datafield>
    <datafield tag="773" ind1="0" ind2="#">
      <subfield code="a">Hawthorne, Nathaniel</subfield>
      <subfield code="g">- LITERATURA NORTEAMERICANA|- CUENTO</subfield>
      <subfield code="h">p. 9-43</subfield>
      <subfield code="t">La hija de Rappaccini</subfield>
    </datafield>
    <datafield tag="773" ind1="0" ind2="#">
      <subfield code="a">Hawthorne, Nathaniel</subfield>
      <subfield code="g">- LITERATURA NORTEAMERICANA|- CUENTO</subfield>
      <subfield code="h">p. 41-60</subfield>
      <subfield code="t">El velo negro. Una parábola</subfield>
    </datafield>
    <datafield tag="773" ind1="0" ind2="#">
      <subfield code="a">Hawthorne, Nathaniel</subfield>
      <subfield code="g">- LITERATURA NORTEAMERICANA|- CUENTO</subfield>
      <subfield code="h">p. 61-72</subfield>
      <subfield code="t">El experimento del doctor Heidegger</subfield>
    </datafield>
    <datafield tag="773" ind1="0" ind2="#">
      <subfield code="a">Melville, Herman</subfield>
      <subfield code="g">- LITERATURA NORTEAMERICANA|- CUENTO</subfield>
      <subfield code="h">p. 75-118</subfield>
      <subfield code="t">Bartleby</subfield>
    </datafield>
    <datafield tag="773" ind1="0" ind2="#">
      <subfield code="a">Melville, Herman</subfield>
      <subfield code="g">- LITERATURA NORTEAMERICANA|- CUENTO</subfield>
      <subfield code="h">p. 119-127</subfield>
      <subfield code="t">El vendedor de pararrayos</subfield>
    </datafield>
    <datafield tag="942" ind1=" " ind2=" ">
      <subfield code="c">BK</subfield>
    </datafield>
    <datafield tag="952" ind1=" " ind2=" ">
      <subfield code="a">BIB_UASJ</subfield>
      <subfield code="b">BIB_UASJ</subfield>
      <subfield code="d">2012-05-02</subfield>
      <subfield code="y">BK</subfield>
      <subfield code="p">04-42370</subfield>
    </datafield>
  </record>