
  <record>
    <leader>01000aam  22002601a 4500</leader>
    <controlfield tag="001">YPZ95182</controlfield>
    <controlfield tag="003">YPZ</controlfield>
    <controlfield tag="005">201205141442130</controlfield>
    <controlfield tag="008">120514|###########||||||b||||||||||spa|d</controlfield>
    <datafield tag="020" ind1=" " ind2=" ">
      <subfield code="a">8449415365</subfield>
    </datafield>
    <datafield tag="040" ind1=" " ind2=" ">
      <subfield code="c">SIUNPA</subfield>
    </datafield>
    <datafield tag="041" ind1=" " ind2=" ">
      <subfield code="a">spa</subfield>
      <subfield code="a">eng</subfield>
    </datafield>
    <datafield tag="044" ind1=" " ind2=" ">
      <subfield code="a">ES</subfield>
    </datafield>
    <datafield tag="082" ind1=" " ind2=" ">
      <subfield code="a">R(038)=111 S636d</subfield>
    </datafield>
    <datafield tag="245" ind1=" " ind2=" ">
      <subfield code="a">Smart</subfield>
      <subfield code="b"> : diccionario español-inglés, english-spanish</subfield>
      <subfield code="c"> / Fontanillo Merino, Enrique, dir. ; Riesco Prieto, María Isabel, dir.</subfield>
    </datafield>
    <datafield tag="250" ind1=" " ind2=" ">
      <subfield code="a">Ed. del milenio</subfield>
    </datafield>
    <datafield tag="260" ind1=" " ind2=" ">
      <subfield code="a">Barcelona</subfield>
      <subfield code="b"> : Océano</subfield>
      <subfield code="c"> , 2001</subfield>
    </datafield>
    <datafield tag="300" ind1=" " ind2=" ">
      <subfield code="a">101 p. : </subfield>
      <subfield code="a">[68] p. : </subfield>
      <subfield code="a">360 p. : </subfield>
      <subfield code="b">il. ; </subfield>
      <subfield code="a">2 v. : </subfield>
      <subfield code="b">il. ; </subfield>
      <subfield code="a">302 p. : </subfield>
      <subfield code="a">190 p. : </subfield>
      <subfield code="a">100 p. : </subfield>
      <subfield code="b">il. ; </subfield>
      <subfield code="a">126 p. : </subfield>
      <subfield code="b">il. ; </subfield>
      <subfield code="a">124 p. : </subfield>
      <subfield code="a">126 p. : </subfield>
      <subfield code="b">il. ; </subfield>
      <subfield code="a">109 p. : </subfield>
      <subfield code="b">il. ; </subfield>
      <subfield code="a">437 p. : </subfield>
      <subfield code="b">il. ; </subfield>
      <subfield code="a">102 p. : </subfield>
      <subfield code="b">il. ; </subfield>
      <subfield code="a">222 p. : </subfield>
      <subfield code="a">v. : </subfield>
      <subfield code="a">63  p. : </subfield>
      <subfield code="b">il. ; </subfield>
      <subfield code="a">71 p. : </subfield>
      <subfield code="b">il. ; </subfield>
      <subfield code="a">271 p. : </subfield>
      <subfield code="b">il. ; </subfield>
      <subfield code="a">230 p. : </subfield>
      <subfield code="b">il. ; </subfield>
      <subfield code="a">349 p. : </subfield>
      <subfield code="b">il. ; </subfield>
      <subfield code="a">94 p. : </subfield>
      <subfield code="b">fot. ; </subfield>
      <subfield code="a">3 v. : </subfield>
      <subfield code="b">il. ; </subfield>
      <subfield code="a">111 p. : </subfield>
      <subfield code="b">il., fot. ; </subfield>
      <subfield code="a">280 p. : </subfield>
      <subfield code="a">159 p. : </subfield>
      <subfield code="b">il. ; </subfield>
      <subfield code="a">124 p. : </subfield>
      <subfield code="b">il. ; </subfield>
      <subfield code="a">89 p. : </subfield>
      <subfield code="b">il. ; </subfield>
      <subfield code="a">ix, 136, xlix p. : </subfield>
      <subfield code="b">gráf. ; </subfield>
      <subfield code="a">v. : </subfield>
      <subfield code="a">302 p. : </subfield>
      <subfield code="a">112 p. : </subfield>
      <subfield code="a">247 p. : </subfield>
      <subfield code="a">210 p. : </subfield>
      <subfield code="a">viii, 274 p. : </subfield>
      <subfield code="a">71 p. : </subfield>
      <subfield code="a">321 p. : </subfield>
      <subfield code="b">il. ; </subfield>
      <subfield code="a">198 p. : </subfield>
      <subfield code="b">il. ; </subfield>
      <subfield code="a">251 p. : </subfield>
      <subfield code="b">cuadros ; </subfield>
      <subfield code="a">104 p. : </subfield>
      <subfield code="b">cuadros ; </subfield>
      <subfield code="a">253 p. : </subfield>
      <subfield code="a">274 p. : </subfield>
      <subfield code="b">il. ; </subfield>
      <subfield code="a">318 p. : </subfield>
      <subfield code="a">194 p. : </subfield>
      <subfield code="b">il. ; </subfield>
      <subfield code="a">141 p. : </subfield>
      <subfield code="a">614 p. : </subfield>
      <subfield code="a">viii, 126 p. : </subfield>
      <subfield code="a">90 p. : </subfield>
      <subfield code="b">il. ; </subfield>
      <subfield code="a">398 p. : </subfield>
      <subfield code="a">xii, 186 p. : </subfield>
      <subfield code="a">430 p. : </subfield>
      <subfield code="a">185 p. : </subfield>
      <subfield code="b">il. ; </subfield>
      <subfield code="a">406 p. : </subfield>
      <subfield code="a">118 p. : </subfield>
      <subfield code="a">124 p. : </subfield>
      <subfield code="a">213 p. : </subfield>
      <subfield code="a">175 p. : </subfield>
      <subfield code="a">231 p. : </subfield>
      <subfield code="b">il. ; </subfield>
      <subfield code="a">363 p. : </subfield>
      <subfield code="a">135 p. : </subfield>
      <subfield code="a">159 p. : </subfield>
      <subfield code="a">109 p. : </subfield>
      <subfield code="b">il. ; </subfield>
      <subfield code="a">xiv, 682 p. : </subfield>
      <subfield code="b">il. ; </subfield>
      <subfield code="a">113 p. : </subfield>
      <subfield code="b">il., fot. ; </subfield>
      <subfield code="a">62 h. : </subfield>
      <subfield code="a">321 p. : </subfield>
      <subfield code="a">1036 p. : </subfield>
      <subfield code="b">il. ; </subfield>
      <subfield code="e">1 CD-ROM en bolsillo</subfield>
    </datafield>
    <datafield tag="942" ind1=" " ind2=" ">
      <subfield code="c">BK</subfield>
    </datafield>
    <datafield tag="952" ind1=" " ind2=" ">
      <subfield code="a">BIB_UARG</subfield>
      <subfield code="b">BIB_UARG</subfield>
      <subfield code="d">2012-05-14</subfield>
      <subfield code="y">BK</subfield>
      <subfield code="p">05-16704</subfield>
    </datafield>
  </record>