
  <record>
    <leader>01000aam  22002601a 4500</leader>
    <controlfield tag="001">YPZ95189</controlfield>
    <controlfield tag="003">YPZ</controlfield>
    <controlfield tag="005">201205141536280</controlfield>
    <controlfield tag="008">120514|###########||||||b||||||||||spa|d</controlfield>
    <datafield tag="020" ind1=" " ind2=" ">
      <subfield code="a">9057890585</subfield>
    </datafield>
    <datafield tag="040" ind1=" " ind2=" ">
      <subfield code="c">SIUNPA</subfield>
    </datafield>
    <datafield tag="041" ind1=" " ind2=" ">
      <subfield code="a">spa</subfield>
    </datafield>
    <datafield tag="044" ind1=" " ind2=" ">
      <subfield code="a">NL</subfield>
    </datafield>
    <datafield tag="082" ind1=" " ind2=" ">
      <subfield code="a">R(038)=87 F363r</subfield>
    </datafield>
    <datafield tag="100" ind1=" " ind2=" ">
      <subfield code="a">Fernández Garay, Ana.</subfield>
    </datafield>
    <datafield tag="245" ind1=" " ind2=" ">
      <subfield code="a">Ranquel-Español / Español-Ranquel</subfield>
      <subfield code="b"> : diccionario de una variedad mapuche de la Pampa (Argentina)</subfield>
    </datafield>
    <datafield tag="260" ind1=" " ind2=" ">
      <subfield code="a">Leiden</subfield>
      <subfield code="b"> : Escuela de Investigación de Estudios Asiáticos, Africanos y Amerindios, Universidad de Leiden</subfield>
      <subfield code="c"> , 2001</subfield>
    </datafield>
    <datafield tag="440" ind1=" " ind2=" ">
      <subfield code="a">Cuadernos del Sur</subfield>
      <subfield code="a">Lenguas indígenas de América Latina (ILLA)</subfield>
      <subfield code="v">t.2</subfield>
    </datafield>
    <datafield tag="490" ind1=" " ind2=" ">
      <subfield code="a">Cuadernos del Sur</subfield>
      <subfield code="a">Lenguas indígenas de América Latina (ILLA)</subfield>
      <subfield code="v">t.2</subfield>
    </datafield>
    <datafield tag="942" ind1=" " ind2=" ">
      <subfield code="c">BK</subfield>
    </datafield>
    <datafield tag="952" ind1=" " ind2=" ">
      <subfield code="a">BIB_UARG</subfield>
      <subfield code="b">BIB_UARG</subfield>
      <subfield code="d">2012-05-12</subfield>
      <subfield code="y">BK</subfield>
      <subfield code="p">05-16406</subfield>
    </datafield>
  </record>