
  <record>
    <leader>01000aam  22002601a 4500</leader>
    <controlfield tag="001">YPZ95206</controlfield>
    <controlfield tag="003">YPZ</controlfield>
    <controlfield tag="005">201205151707320</controlfield>
    <controlfield tag="008">120515|###########||||||b||||||||||spa|d</controlfield>
    <datafield tag="020" ind1=" " ind2=" ">
      <subfield code="a">9501260615</subfield>
    </datafield>
    <datafield tag="040" ind1=" " ind2=" ">
      <subfield code="c">SIUNPA</subfield>
    </datafield>
    <datafield tag="041" ind1=" " ind2=" ">
      <subfield code="a">spa</subfield>
    </datafield>
    <datafield tag="044" ind1=" " ind2=" ">
      <subfield code="a">AR</subfield>
    </datafield>
    <datafield tag="082" ind1=" " ind2=" ">
      <subfield code="a">159.9.072 R253t</subfield>
    </datafield>
    <datafield tag="100" ind1=" " ind2=" ">
      <subfield code="a">Raven, John C..</subfield>
    </datafield>
    <datafield tag="245" ind1=" " ind2=" ">
      <subfield code="a">Test de matrices progresivas</subfield>
      <subfield code="b"> : Cuaderno de matrices. Escala avanzada serie II</subfield>
    </datafield>
    <datafield tag="260" ind1=" " ind2=" ">
      <subfield code="a">Buenos Aires</subfield>
      <subfield code="b"> : Paidós</subfield>
      <subfield code="c"> , [1998?]</subfield>
    </datafield>
    <datafield tag="300" ind1=" " ind2=" ">
      <subfield code="a">20 h. plegs. : </subfield>
      <subfield code="b">il. ; </subfield>
      <subfield code="c">45x32 cm. + </subfield>
      <subfield code="a">36 h. : </subfield>
      <subfield code="b">il. ; </subfield>
      <subfield code="e">1 plantilla de puntuación</subfield>
    </datafield>
    <datafield tag="942" ind1=" " ind2=" ">
      <subfield code="c">BK</subfield>
    </datafield>
    <datafield tag="952" ind1=" " ind2=" ">
      <subfield code="a">BIB_UARG</subfield>
      <subfield code="b">BIB_UARG</subfield>
      <subfield code="d">2012-05-15</subfield>
      <subfield code="y">BK</subfield>
      <subfield code="p">05-16656</subfield>
    </datafield>
  </record>