
  <record>
    <leader>01000aam  22002601a 4500</leader>
    <controlfield tag="001">YPZ95217</controlfield>
    <controlfield tag="003">YPZ</controlfield>
    <controlfield tag="005">201205171826260</controlfield>
    <controlfield tag="008">120517|###########||||||b||||||||||spa|d</controlfield>
    <datafield tag="040" ind1=" " ind2=" ">
      <subfield code="c">SIUNPA</subfield>
    </datafield>
    <datafield tag="041" ind1=" " ind2=" ">
      <subfield code="a">spa</subfield>
    </datafield>
    <datafield tag="044" ind1=" " ind2=" ">
      <subfield code="a">UY</subfield>
    </datafield>
    <datafield tag="082" ind1=" " ind2=" ">
      <subfield code="a">37.013 R291j</subfield>
    </datafield>
    <datafield tag="100" ind1=" " ind2=" ">
      <subfield code="a">Rebellato, José Luis.</subfield>
    </datafield>
    <datafield tag="245" ind1=" " ind2=" ">
      <subfield code="a">José Luis Rebellato, intelectual radical</subfield>
      <subfield code="b"> : selección de textos</subfield>
      <subfield code="c"> / Brenes, Alicia, comp. ; Burgueño, Maite, comp. ; Casas, Alejandro, comp. ; Pérez, Edgardo, comp.</subfield>
    </datafield>
    <datafield tag="260" ind1=" " ind2=" ">
      <subfield code="a">Montevideo</subfield>
      <subfield code="b"> : Universidad de la República, Extensión</subfield>
      <subfield code="b"> : Nordan Comunidad</subfield>
      <subfield code="b"> : EPPAL</subfield>
      <subfield code="c"> , 2009</subfield>
    </datafield>
    <datafield tag="942" ind1=" " ind2=" ">
      <subfield code="c">BK</subfield>
    </datafield>
    <datafield tag="952" ind1=" " ind2=" ">
      <subfield code="a">BIB_UASJ</subfield>
      <subfield code="b">BIB_UASJ</subfield>
      <subfield code="d">2012-05-09</subfield>
      <subfield code="y">BK</subfield>
      <subfield code="p">04-42473</subfield>
    </datafield>
  </record>