
  <record>
    <leader>01000aam  22002601a 4500</leader>
    <controlfield tag="001">YPZ95231</controlfield>
    <controlfield tag="003">YPZ</controlfield>
    <controlfield tag="005">201205211812100</controlfield>
    <controlfield tag="008">120521|###########||||||b||||||||||spa|d</controlfield>
    <datafield tag="020" ind1=" " ind2=" ">
      <subfield code="a">950869064X</subfield>
    </datafield>
    <datafield tag="040" ind1=" " ind2=" ">
      <subfield code="c">SIUNPA</subfield>
    </datafield>
    <datafield tag="041" ind1=" " ind2=" ">
      <subfield code="a">spa</subfield>
    </datafield>
    <datafield tag="044" ind1=" " ind2=" ">
      <subfield code="a">AR</subfield>
    </datafield>
    <datafield tag="082" ind1=" " ind2=" ">
      <subfield code="a">821.134.2(82) I399i</subfield>
    </datafield>
    <datafield tag="100" ind1=" " ind2=" ">
      <subfield code="a">Frizón, Javier.</subfield>
    </datafield>
    <datafield tag="700" ind1=" " ind2=" ">
      <subfield code="a">Nanni, Nicolás.</subfield>
    </datafield>
    <datafield tag="700" ind1=" " ind2=" ">
      <subfield code="a">Peña, María Laura.</subfield>
    </datafield>
    <datafield tag="700" ind1=" " ind2=" ">
      <subfield code="a">Sarmentero, M. Román.</subfield>
    </datafield>
    <datafield tag="245" ind1=" " ind2=" ">
      <subfield code="a">Indicios de teatro santacruceño</subfield>
    </datafield>
    <datafield tag="260" ind1=" " ind2=" ">
      <subfield code="a">Buenos Aires</subfield>
      <subfield code="b"> : Cumacú</subfield>
      <subfield code="c"> , 1998</subfield>
    </datafield>
    <datafield tag="505" ind1="0" ind2="0">
      <subfield code="g">p. 7-22</subfield>
      <subfield code="g">- LITERATURA ARGENTINA|TEATRO ARGENTINA</subfield>
      <subfield code="r">Frizón, Javier</subfield>
      <subfield code="t">¿Qué es una vida?</subfield>
    </datafield>
    <datafield tag="505" ind1="0" ind2="0">
      <subfield code="g">p. 23-32</subfield>
      <subfield code="g">- LITERATURA ARGENTINA|TEATRO ARGENTINA</subfield>
      <subfield code="r">Nanni, Nicolás</subfield>
      <subfield code="t">La única salida</subfield>
    </datafield>
    <datafield tag="505" ind1="0" ind2="0">
      <subfield code="g">p. 33-50</subfield>
      <subfield code="g">- LITERATURA ARGENTINA|TEATRO ARGENTINA</subfield>
      <subfield code="r">Peña, María Laura</subfield>
      <subfield code="t">La llegada inesperada</subfield>
    </datafield>
    <datafield tag="505" ind1="0" ind2="0">
      <subfield code="g">p. 51-76</subfield>
      <subfield code="g">- LITERATURA ARGENTINA|TEATRO ARGENTINA</subfield>
      <subfield code="r">Peña, María Laura|Sarmentero, M. Román</subfield>
      <subfield code="t">Vivir en la mentira</subfield>
    </datafield>
    <datafield tag="505" ind1="0" ind2="0">
      <subfield code="g">p. 77-94</subfield>
      <subfield code="g">- LITERATURA ARGENTINA|TEATRO ARGENTINA</subfield>
      <subfield code="r">Sarmentero, M. Román</subfield>
      <subfield code="t">Cuatro jóvenes para un único suicidio</subfield>
    </datafield>
    <datafield tag="505" ind1="0" ind2="0">
      <subfield code="g">p. 95-110</subfield>
      <subfield code="g">- LITERATURA ARGENTINA|TEATRO ARGENTINA</subfield>
      <subfield code="r">Sarmentero, M. Román</subfield>
      <subfield code="t">¿Por qué decir adiós?</subfield>
    </datafield>
    <datafield tag="505" ind1="0" ind2="0">
      <subfield code="g">p. 111-132</subfield>
      <subfield code="g">- LITERATURA ARGENTINA|TEATRO ARGENTINA</subfield>
      <subfield code="r">Sarmentero, M. Román</subfield>
      <subfield code="t">Nos volvemos a ver</subfield>
    </datafield>
    <datafield tag="505" ind1="0" ind2="0">
      <subfield code="g">p. 133-150</subfield>
      <subfield code="g">- LITERATURA ARGENTINA|TEATRO ARGENTINA</subfield>
      <subfield code="r">Sarmentero, M. Román</subfield>
      <subfield code="t">Ironías de la vida</subfield>
    </datafield>
    <datafield tag="505" ind1="0" ind2="0">
      <subfield code="g">p. 151-167</subfield>
      <subfield code="g">- LITERATURA ARGENTINA|TEATRO ARGENTINA</subfield>
      <subfield code="r">Sarmentero, M. Román</subfield>
      <subfield code="t">Por vocación mete pata</subfield>
    </datafield>
    <datafield tag="505" ind1="0" ind2="0">
      <subfield code="g">p. 169-185</subfield>
      <subfield code="g">- LITERATURA ARGENTINA|TEATRO ARGENTINA</subfield>
      <subfield code="r">Sarmentero, M. Román</subfield>
      <subfield code="t">Yo tengo de que</subfield>
    </datafield>
    <datafield tag="773" ind1="0" ind2="#">
      <subfield code="a">Frizón, Javier</subfield>
      <subfield code="g">- LITERATURA ARGENTINA|TEATRO ARGENTINA</subfield>
      <subfield code="h">p. 7-22</subfield>
      <subfield code="t">¿Qué es una vida?</subfield>
    </datafield>
    <datafield tag="773" ind1="0" ind2="#">
      <subfield code="a">Nanni, Nicolás</subfield>
      <subfield code="g">- LITERATURA ARGENTINA|TEATRO ARGENTINA</subfield>
      <subfield code="h">p. 23-32</subfield>
      <subfield code="t">La única salida</subfield>
    </datafield>
    <datafield tag="773" ind1="0" ind2="#">
      <subfield code="a">Peña, María Laura</subfield>
      <subfield code="g">- LITERATURA ARGENTINA|TEATRO ARGENTINA</subfield>
      <subfield code="h">p. 33-50</subfield>
      <subfield code="t">La llegada inesperada</subfield>
    </datafield>
    <datafield tag="773" ind1="0" ind2="#">
      <subfield code="a">Peña, María Laura|Sarmentero, M. Román</subfield>
      <subfield code="g">- LITERATURA ARGENTINA|TEATRO ARGENTINA</subfield>
      <subfield code="h">p. 51-76</subfield>
      <subfield code="t">Vivir en la mentira</subfield>
    </datafield>
    <datafield tag="773" ind1="0" ind2="#">
      <subfield code="a">Sarmentero, M. Román</subfield>
      <subfield code="g">- LITERATURA ARGENTINA|TEATRO ARGENTINA</subfield>
      <subfield code="h">p. 77-94</subfield>
      <subfield code="t">Cuatro jóvenes para un único suicidio</subfield>
    </datafield>
    <datafield tag="773" ind1="0" ind2="#">
      <subfield code="a">Sarmentero, M. Román</subfield>
      <subfield code="g">- LITERATURA ARGENTINA|TEATRO ARGENTINA</subfield>
      <subfield code="h">p. 95-110</subfield>
      <subfield code="t">¿Por qué decir adiós?</subfield>
    </datafield>
    <datafield tag="773" ind1="0" ind2="#">
      <subfield code="a">Sarmentero, M. Román</subfield>
      <subfield code="g">- LITERATURA ARGENTINA|TEATRO ARGENTINA</subfield>
      <subfield code="h">p. 111-132</subfield>
      <subfield code="t">Nos volvemos a ver</subfield>
    </datafield>
    <datafield tag="773" ind1="0" ind2="#">
      <subfield code="a">Sarmentero, M. Román</subfield>
      <subfield code="g">- LITERATURA ARGENTINA|TEATRO ARGENTINA</subfield>
      <subfield code="h">p. 133-150</subfield>
      <subfield code="t">Ironías de la vida</subfield>
    </datafield>
    <datafield tag="773" ind1="0" ind2="#">
      <subfield code="a">Sarmentero, M. Román</subfield>
      <subfield code="g">- LITERATURA ARGENTINA|TEATRO ARGENTINA</subfield>
      <subfield code="h">p. 151-167</subfield>
      <subfield code="t">Por vocación mete pata</subfield>
    </datafield>
    <datafield tag="773" ind1="0" ind2="#">
      <subfield code="a">Sarmentero, M. Román</subfield>
      <subfield code="g">- LITERATURA ARGENTINA|TEATRO ARGENTINA</subfield>
      <subfield code="h">p. 169-185</subfield>
      <subfield code="t">Yo tengo de que</subfield>
    </datafield>
    <datafield tag="942" ind1=" " ind2=" ">
      <subfield code="c">BK</subfield>
    </datafield>
    <datafield tag="952" ind1=" " ind2=" ">
      <subfield code="a">BIB_UACO</subfield>
      <subfield code="b">BIB_UACO</subfield>
      <subfield code="d">2012-05-21</subfield>
      <subfield code="y">BK</subfield>
      <subfield code="p">02-42489</subfield>
    </datafield>
    <datafield tag="952" ind1=" " ind2=" ">
      <subfield code="a">BIB_UARG</subfield>
      <subfield code="b">BIB_UARG</subfield>
      <subfield code="d">2013-02-05</subfield>
      <subfield code="y">BK</subfield>
      <subfield code="p">05-43761</subfield>
    </datafield>
  </record>