
  <record>
    <leader>01000aam  22002601a 4500</leader>
    <controlfield tag="001">YPZ95237</controlfield>
    <controlfield tag="003">YPZ</controlfield>
    <controlfield tag="005">201205231643520</controlfield>
    <controlfield tag="008">120523|###########||||||b||||||||||spa|d</controlfield>
    <datafield tag="020" ind1=" " ind2=" ">
      <subfield code="a">8475095682</subfield>
    </datafield>
    <datafield tag="040" ind1=" " ind2=" ">
      <subfield code="c">SIUNPA</subfield>
    </datafield>
    <datafield tag="041" ind1=" " ind2=" ">
      <subfield code="a">spa</subfield>
    </datafield>
    <datafield tag="044" ind1=" " ind2=" ">
      <subfield code="a">ES</subfield>
    </datafield>
    <datafield tag="082" ind1=" " ind2=" ">
      <subfield code="a">37.014.22 F866a</subfield>
    </datafield>
    <datafield tag="100" ind1=" " ind2=" ">
      <subfield code="a">Freire, Paulo.</subfield>
    </datafield>
    <datafield tag="700" ind1=" " ind2=" ">
      <subfield code="a">Macedo, Donaldo.</subfield>
    </datafield>
    <datafield tag="245" ind1=" " ind2=" ">
      <subfield code="a">Alfabetización</subfield>
      <subfield code="b"> : lectura de la palabra y lectura de la realidad</subfield>
      <subfield code="c"> / Horvath, Silvia, tr.</subfield>
    </datafield>
    <datafield tag="250" ind1=" " ind2=" ">
      <subfield code="a">1a ed.</subfield>
    </datafield>
    <datafield tag="260" ind1=" " ind2=" ">
      <subfield code="a">Barcelona</subfield>
      <subfield code="b"> : Paidós</subfield>
      <subfield code="c"> , 1989</subfield>
    </datafield>
    <datafield tag="440" ind1=" " ind2=" ">
      <subfield code="a">Colección línea de tiempo 2010</subfield>
      <subfield code="a">Colección línea de tiempo 2011</subfield>
      <subfield code="a">Biblioteca pedagógica</subfield>
      <subfield code="a">Paidós cuestiones de educación</subfield>
      <subfield code="a">Colección austral</subfield>
      <subfield code="a">Letras Hispánicas</subfield>
      <subfield code="a">Biblioteca mundial Sopena</subfield>
      <subfield code="a">Colección teatro</subfield>
      <subfield code="a">Colección Demos. Biblioteca de sociología</subfield>
      <subfield code="a">Temas de Educación</subfield>
      <subfield code="v">16</subfield>
    </datafield>
    <datafield tag="490" ind1=" " ind2=" ">
      <subfield code="a">Colección línea de tiempo 2010</subfield>
      <subfield code="a">Colección línea de tiempo 2011</subfield>
      <subfield code="a">Biblioteca pedagógica</subfield>
      <subfield code="a">Paidós cuestiones de educación</subfield>
      <subfield code="a">Colección austral</subfield>
      <subfield code="a">Letras Hispánicas</subfield>
      <subfield code="a">Biblioteca mundial Sopena</subfield>
      <subfield code="a">Colección teatro</subfield>
      <subfield code="a">Colección Demos. Biblioteca de sociología</subfield>
      <subfield code="a">Temas de Educación</subfield>
      <subfield code="v">16</subfield>
    </datafield>
    <datafield tag="942" ind1=" " ind2=" ">
      <subfield code="c">BK</subfield>
    </datafield>
    <datafield tag="952" ind1=" " ind2=" ">
      <subfield code="a">BIB_UACO</subfield>
      <subfield code="b">BIB_UACO</subfield>
      <subfield code="d">2012-05-16</subfield>
      <subfield code="y">BK</subfield>
      <subfield code="p">02-08224</subfield>
    </datafield>
  </record>