
  <record>
    <leader>01000aam  22002601a 4500</leader>
    <controlfield tag="001">YPZ95265</controlfield>
    <controlfield tag="003">YPZ</controlfield>
    <controlfield tag="005">201205281738200</controlfield>
    <controlfield tag="008">120528|###########||||||b||||||||||spa|d</controlfield>
    <datafield tag="020" ind1=" " ind2=" ">
      <subfield code="a">9509446238</subfield>
    </datafield>
    <datafield tag="040" ind1=" " ind2=" ">
      <subfield code="c">SIUNPA</subfield>
    </datafield>
    <datafield tag="041" ind1=" " ind2=" ">
      <subfield code="a">spa</subfield>
    </datafield>
    <datafield tag="044" ind1=" " ind2=" ">
      <subfield code="a">AR</subfield>
    </datafield>
    <datafield tag="082" ind1=" " ind2=" ">
      <subfield code="a">504.05 R492c</subfield>
    </datafield>
    <datafield tag="100" ind1=" " ind2=" ">
      <subfield code="a">Ricciardi, Humberto J..</subfield>
    </datafield>
    <datafield tag="245" ind1=" " ind2=" ">
      <subfield code="a">Cambio global</subfield>
      <subfield code="b"> : causas, ciencia, tecnología e implicaciones humanas</subfield>
    </datafield>
    <datafield tag="260" ind1=" " ind2=" ">
      <subfield code="a">Buenos Aires</subfield>
      <subfield code="b"> : Academia Nacional de Geografía</subfield>
      <subfield code="c"> , 1995</subfield>
    </datafield>
    <datafield tag="440" ind1=" " ind2=" ">
      <subfield code="a">Colección Patagonia</subfield>
      <subfield code="a">Colección de estudios humanísticos. Sección sociedad y cultura</subfield>
      <subfield code="a">Comunicación / Plus Ultra</subfield>
      <subfield code="a">Publicación especial / Academia Nacional de Geografía</subfield>
      <subfield code="v">no. 10</subfield>
    </datafield>
    <datafield tag="490" ind1=" " ind2=" ">
      <subfield code="a">Colección Patagonia</subfield>
      <subfield code="a">Colección de estudios humanísticos. Sección sociedad y cultura</subfield>
      <subfield code="a">Comunicación / Plus Ultra</subfield>
      <subfield code="a">Publicación especial / Academia Nacional de Geografía</subfield>
      <subfield code="v">no. 10</subfield>
    </datafield>
    <datafield tag="942" ind1=" " ind2=" ">
      <subfield code="c">BK</subfield>
    </datafield>
    <datafield tag="952" ind1=" " ind2=" ">
      <subfield code="a">BIB_UARG</subfield>
      <subfield code="b">BIB_UARG</subfield>
      <subfield code="d">2012-05-28</subfield>
      <subfield code="y">BK</subfield>
      <subfield code="p">05-16820</subfield>
    </datafield>
  </record>