
  <record>
    <leader>01000aam  22002601a 4500</leader>
    <controlfield tag="001">YPZ95303</controlfield>
    <controlfield tag="003">YPZ</controlfield>
    <controlfield tag="005">201205311755520</controlfield>
    <controlfield tag="008">120531|###########||||||b||||||||||spa|d</controlfield>
    <datafield tag="020" ind1=" " ind2=" ">
      <subfield code="a">9506980241</subfield>
    </datafield>
    <datafield tag="040" ind1=" " ind2=" ">
      <subfield code="c">SIUNPA</subfield>
    </datafield>
    <datafield tag="041" ind1=" " ind2=" ">
      <subfield code="a">spa</subfield>
    </datafield>
    <datafield tag="044" ind1=" " ind2=" ">
      <subfield code="a">AR</subfield>
    </datafield>
    <datafield tag="082" ind1=" " ind2=" ">
      <subfield code="a">37(822.1)(091) C282e</subfield>
    </datafield>
    <datafield tag="100" ind1=" " ind2=" ">
      <subfield code="a">Carli, Sandra.</subfield>
    </datafield>
    <datafield tag="245" ind1=" " ind2=" ">
      <subfield code="a">Entre Ríos escenario educativo 1883-1930</subfield>
      <subfield code="b"> : una mirada a la cultura pedagógica normalista y sus transformaciones</subfield>
    </datafield>
    <datafield tag="260" ind1=" " ind2=" ">
      <subfield code="a">Paraná</subfield>
      <subfield code="b"> : Universidad Nacional de Entre Ríos, Facultad de Ciencias de la Educación</subfield>
      <subfield code="c"> , 1995</subfield>
    </datafield>
    <datafield tag="440" ind1=" " ind2=" ">
      <subfield code="a">Colección tesis doctorales</subfield>
      <subfield code="a">Colección Filosofía</subfield>
      <subfield code="a">Cuadernos. Serie Historia de la Educación</subfield>
      <subfield code="v">5</subfield>
    </datafield>
    <datafield tag="490" ind1=" " ind2=" ">
      <subfield code="a">Colección tesis doctorales</subfield>
      <subfield code="a">Colección Filosofía</subfield>
      <subfield code="a">Cuadernos. Serie Historia de la Educación</subfield>
      <subfield code="v">5</subfield>
    </datafield>
    <datafield tag="942" ind1=" " ind2=" ">
      <subfield code="c">BK</subfield>
    </datafield>
    <datafield tag="952" ind1=" " ind2=" ">
      <subfield code="a">BIB_UASJ</subfield>
      <subfield code="b">BIB_UASJ</subfield>
      <subfield code="d">2012-05-31</subfield>
      <subfield code="y">BK</subfield>
      <subfield code="p">04-01332</subfield>
    </datafield>
    <datafield tag="952" ind1=" " ind2=" ">
      <subfield code="a">BIB_UASJ</subfield>
      <subfield code="b">BIB_UASJ</subfield>
      <subfield code="d">2013-02-06</subfield>
      <subfield code="y">BK</subfield>
      <subfield code="p">04-43816</subfield>
    </datafield>
  </record>