
  <record>
    <leader>01000aam  22002601a 4500</leader>
    <controlfield tag="001">YPZ95362</controlfield>
    <controlfield tag="003">YPZ</controlfield>
    <controlfield tag="005">201206071620450</controlfield>
    <controlfield tag="008">120607|###########||||||b||||||||||spa|d</controlfield>
    <datafield tag="040" ind1=" " ind2=" ">
      <subfield code="c">SIUNPA</subfield>
    </datafield>
    <datafield tag="041" ind1=" " ind2=" ">
      <subfield code="a">spa</subfield>
    </datafield>
    <datafield tag="044" ind1=" " ind2=" ">
      <subfield code="a">ES</subfield>
    </datafield>
    <datafield tag="082" ind1=" " ind2=" ">
      <subfield code="a">37.013 G216t2</subfield>
    </datafield>
    <datafield tag="100" ind1=" " ind2=" ">
      <subfield code="a">García Hoz, Victor.</subfield>
    </datafield>
    <datafield tag="245" ind1=" " ind2=" ">
      <subfield code="a">La tarea profunda de educar</subfield>
    </datafield>
    <datafield tag="250" ind1=" " ind2=" ">
      <subfield code="a">2a ed.</subfield>
    </datafield>
    <datafield tag="260" ind1=" " ind2=" ">
      <subfield code="a">Madrid</subfield>
      <subfield code="b"> : Rialp</subfield>
      <subfield code="c"> , 1965</subfield>
    </datafield>
    <datafield tag="440" ind1=" " ind2=" ">
      <subfield code="a">Serie Psicología y relaciones humanas</subfield>
      <subfield code="a">Colección el maestro en su acción cotidiana. Serie desarrollos curriculares</subfield>
      <subfield code="a">Colección Educación crítica</subfield>
      <subfield code="a">Colección Pedagogía. La pedagogía hoy</subfield>
      <subfield code="a">Educación hoy y mañana</subfield>
      <subfield code="a">Biblioteca nuevas orientaciones de la educación. Serie formación docente</subfield>
      <subfield code="a">Libros de bolsillo</subfield>
      <subfield code="v">13</subfield>
    </datafield>
    <datafield tag="490" ind1=" " ind2=" ">
      <subfield code="a">Serie Psicología y relaciones humanas</subfield>
      <subfield code="a">Colección el maestro en su acción cotidiana. Serie desarrollos curriculares</subfield>
      <subfield code="a">Colección Educación crítica</subfield>
      <subfield code="a">Colección Pedagogía. La pedagogía hoy</subfield>
      <subfield code="a">Educación hoy y mañana</subfield>
      <subfield code="a">Biblioteca nuevas orientaciones de la educación. Serie formación docente</subfield>
      <subfield code="a">Libros de bolsillo</subfield>
      <subfield code="v">13</subfield>
    </datafield>
    <datafield tag="942" ind1=" " ind2=" ">
      <subfield code="c">BK</subfield>
    </datafield>
    <datafield tag="952" ind1=" " ind2=" ">
      <subfield code="a">BIB_UASJ</subfield>
      <subfield code="b">BIB_UASJ</subfield>
      <subfield code="d">2012-06-07</subfield>
      <subfield code="y">BK</subfield>
      <subfield code="p">04-00247</subfield>
    </datafield>
  </record>