
  <record>
    <leader>01000aam  22002601a 4500</leader>
    <controlfield tag="001">YPZ95368</controlfield>
    <controlfield tag="003">YPZ</controlfield>
    <controlfield tag="005">201206081332270</controlfield>
    <controlfield tag="008">120608|###########||||||b||||||||||spa|d</controlfield>
    <datafield tag="020" ind1=" " ind2=" ">
      <subfield code="a">8424401707</subfield>
    </datafield>
    <datafield tag="040" ind1=" " ind2=" ">
      <subfield code="c">SIUNPA</subfield>
    </datafield>
    <datafield tag="041" ind1=" " ind2=" ">
      <subfield code="a">spa</subfield>
    </datafield>
    <datafield tag="044" ind1=" " ind2=" ">
      <subfield code="a">ES</subfield>
    </datafield>
    <datafield tag="082" ind1=" " ind2=" ">
      <subfield code="a">372.46 F865m2</subfield>
    </datafield>
    <datafield tag="100" ind1=" " ind2=" ">
      <subfield code="a">Freinet, Celestin.</subfield>
    </datafield>
    <datafield tag="245" ind1=" " ind2=" ">
      <subfield code="a">Los métodos naturales</subfield>
      <subfield code="b"> : III. El aprendizaje de la escritura</subfield>
    </datafield>
    <datafield tag="250" ind1=" " ind2=" ">
      <subfield code="a">2a ed.</subfield>
    </datafield>
    <datafield tag="260" ind1=" " ind2=" ">
      <subfield code="a">Barcelona</subfield>
      <subfield code="b"> : Fontanella</subfield>
      <subfield code="c"> , 1982</subfield>
    </datafield>
    <datafield tag="440" ind1=" " ind2=" ">
      <subfield code="a">Aula XXI / Santillana</subfield>
      <subfield code="a">Colección Educación física y enseñanza</subfield>
      <subfield code="a">Apuntes / Libros del Quirquincho</subfield>
      <subfield code="a">Educación / Fontanella</subfield>
      <subfield code="v">no. 14</subfield>
    </datafield>
    <datafield tag="490" ind1=" " ind2=" ">
      <subfield code="a">Aula XXI / Santillana</subfield>
      <subfield code="a">Colección Educación física y enseñanza</subfield>
      <subfield code="a">Apuntes / Libros del Quirquincho</subfield>
      <subfield code="a">Educación / Fontanella</subfield>
      <subfield code="v">no. 14</subfield>
    </datafield>
    <datafield tag="942" ind1=" " ind2=" ">
      <subfield code="c">BK</subfield>
    </datafield>
    <datafield tag="952" ind1=" " ind2=" ">
      <subfield code="a">BIB_UASJ</subfield>
      <subfield code="b">BIB_UASJ</subfield>
      <subfield code="d">2012-06-08</subfield>
      <subfield code="y">BK</subfield>
      <subfield code="p">04-00279</subfield>
    </datafield>
  </record>