
  <record>
    <leader>01000aam  22002601a 4500</leader>
    <controlfield tag="001">YPZ95381</controlfield>
    <controlfield tag="003">YPZ</controlfield>
    <controlfield tag="005">201206111432060</controlfield>
    <controlfield tag="008">120611|###########||||||b||||||||||spa|d</controlfield>
    <datafield tag="020" ind1=" " ind2=" ">
      <subfield code="a">8478443355</subfield>
    </datafield>
    <datafield tag="040" ind1=" " ind2=" ">
      <subfield code="c">SIUNPA</subfield>
    </datafield>
    <datafield tag="041" ind1=" " ind2=" ">
      <subfield code="a">spa</subfield>
    </datafield>
    <datafield tag="044" ind1=" " ind2=" ">
      <subfield code="a">ES</subfield>
    </datafield>
    <datafield tag="082" ind1=" " ind2=" ">
      <subfield code="a">821.113.5 G111m</subfield>
    </datafield>
    <datafield tag="100" ind1=" " ind2=" ">
      <subfield code="a">Gaarder, Jostein.</subfield>
    </datafield>
    <datafield tag="245" ind1=" " ind2=" ">
      <subfield code="a">El misterio del solitario</subfield>
      <subfield code="c"> / Baggethun, Kirsti, tr. ; Lorenzo, Asunción, tr. ; Álvarez de Toledo, Pablo, tr.</subfield>
    </datafield>
    <datafield tag="250" ind1=" " ind2=" ">
      <subfield code="a">7a ed.</subfield>
    </datafield>
    <datafield tag="260" ind1=" " ind2=" ">
      <subfield code="a">Madrid</subfield>
      <subfield code="b"> : Siruela</subfield>
      <subfield code="c"> , 1996</subfield>
    </datafield>
    <datafield tag="440" ind1=" " ind2=" ">
      <subfield code="a">Colección así aprendemos</subfield>
      <subfield code="a">Colección así aprendemos</subfield>
      <subfield code="a">Colección así aprendemos</subfield>
      <subfield code="a">Códigos A-Z</subfield>
      <subfield code="a">UBA XXI</subfield>
      <subfield code="a">Las tres edades</subfield>
      <subfield code="v">43</subfield>
    </datafield>
    <datafield tag="490" ind1=" " ind2=" ">
      <subfield code="a">Colección así aprendemos</subfield>
      <subfield code="a">Colección así aprendemos</subfield>
      <subfield code="a">Colección así aprendemos</subfield>
      <subfield code="a">Códigos A-Z</subfield>
      <subfield code="a">UBA XXI</subfield>
      <subfield code="a">Las tres edades</subfield>
      <subfield code="v">43</subfield>
    </datafield>
    <datafield tag="942" ind1=" " ind2=" ">
      <subfield code="c">BK</subfield>
    </datafield>
    <datafield tag="952" ind1=" " ind2=" ">
      <subfield code="a">BIB_UARG</subfield>
      <subfield code="b">BIB_UARG</subfield>
      <subfield code="d">2012-06-01</subfield>
      <subfield code="y">BK</subfield>
      <subfield code="p">05-12067</subfield>
    </datafield>
  </record>