
  <record>
    <leader>01000aam  22002601a 4500</leader>
    <controlfield tag="001">YPZ95405</controlfield>
    <controlfield tag="003">YPZ</controlfield>
    <controlfield tag="005">201206141502000</controlfield>
    <controlfield tag="008">120614|###########||||||b||||||||||spa|d</controlfield>
    <datafield tag="020" ind1=" " ind2=" ">
      <subfield code="a">9505372353 (o.c.)</subfield>
    </datafield>
    <datafield tag="020" ind1=" " ind2=" ">
      <subfield code="a">9505372361 (t.1)</subfield>
    </datafield>
    <datafield tag="020" ind1=" " ind2=" ">
      <subfield code="a">950537237X (t.2)</subfield>
    </datafield>
    <datafield tag="040" ind1=" " ind2=" ">
      <subfield code="c">SIUNPA</subfield>
    </datafield>
    <datafield tag="041" ind1=" " ind2=" ">
      <subfield code="a">spa</subfield>
    </datafield>
    <datafield tag="044" ind1=" " ind2=" ">
      <subfield code="a">AR</subfield>
    </datafield>
    <datafield tag="082" ind1=" " ind2=" ">
      <subfield code="a">657 F785co</subfield>
    </datafield>
    <datafield tag="100" ind1=" " ind2=" ">
      <subfield code="a">Fowler Newton, Enrique.</subfield>
    </datafield>
    <datafield tag="245" ind1=" " ind2=" ">
      <subfield code="a">Contabilidad superior</subfield>
    </datafield>
    <datafield tag="250" ind1=" " ind2=" ">
      <subfield code="a">Ed. rev. y actualizada</subfield>
    </datafield>
    <datafield tag="260" ind1=" " ind2=" ">
      <subfield code="a">Buenos Aires</subfield>
      <subfield code="b"> : Macchi</subfield>
      <subfield code="c"> , c1994</subfield>
    </datafield>
    <datafield tag="300" ind1=" " ind2=" ">
      <subfield code="a">786 p. : </subfield>
      <subfield code="b">il. ; </subfield>
      <subfield code="a">152 p. : </subfield>
      <subfield code="b">il. ; </subfield>
      <subfield code="a">xix, 471 p. : </subfield>
      <subfield code="b">il. ; </subfield>
      <subfield code="a">xi, 434 p. : </subfield>
      <subfield code="b">il. ; </subfield>
      <subfield code="a">715 p. : </subfield>
      <subfield code="b">il. ; </subfield>
      <subfield code="a">821 p. : </subfield>
      <subfield code="b">il. ; </subfield>
      <subfield code="a">125 p. : </subfield>
      <subfield code="b">il. ; </subfield>
      <subfield code="a">51 p. : </subfield>
      <subfield code="a">123 p. : </subfield>
      <subfield code="b">il. ; </subfield>
      <subfield code="a">123 p. : </subfield>
      <subfield code="a">125 p. : </subfield>
      <subfield code="b">il. ; </subfield>
      <subfield code="a">126 p. : </subfield>
      <subfield code="a">289 p. : </subfield>
      <subfield code="b">il. ; </subfield>
      <subfield code="a">246 p. : </subfield>
      <subfield code="b">il. ; </subfield>
      <subfield code="a">267 p. : </subfield>
      <subfield code="a">205 p. : </subfield>
      <subfield code="b">il. ; </subfield>
      <subfield code="a">171 p. : </subfield>
      <subfield code="a">214 p. : </subfield>
      <subfield code="a">166 p. : </subfield>
      <subfield code="a">93 p. : </subfield>
      <subfield code="a">299 p. : </subfield>
      <subfield code="a">162 p. : </subfield>
      <subfield code="b">il. ; </subfield>
      <subfield code="a">xxi, 1110 p. : </subfield>
      <subfield code="b">il. ; </subfield>
      <subfield code="a">150 p. : </subfield>
      <subfield code="b">il. ; </subfield>
      <subfield code="a">139 p. : </subfield>
      <subfield code="b">il. ; </subfield>
      <subfield code="a">286 p. : </subfield>
      <subfield code="a">xvi, 1283 p. : </subfield>
      <subfield code="b">il. ; </subfield>
      <subfield code="a">xviii, 591 p. : </subfield>
      <subfield code="b">il. ; </subfield>
      <subfield code="a">398 p. : </subfield>
      <subfield code="b">il. ; </subfield>
      <subfield code="a">251 p. : </subfield>
      <subfield code="b">il. ; </subfield>
      <subfield code="a">179 p. : </subfield>
      <subfield code="a">2 v. : </subfield>
      <subfield code="b">il. ; </subfield>
      <subfield code="a">395 p. : </subfield>
      <subfield code="b">il. ; </subfield>
      <subfield code="a">477 p. : </subfield>
      <subfield code="b">il. ; </subfield>
      <subfield code="a">2 v. : </subfield>
      <subfield code="b">il. ; </subfield>
      <subfield code="a">2 v. : </subfield>
      <subfield code="a">176 p. : </subfield>
      <subfield code="b">il. ; </subfield>
      <subfield code="a">110 p. : </subfield>
      <subfield code="a">213 p. : </subfield>
      <subfield code="b">il. ; </subfield>
      <subfield code="a">191 p. : </subfield>
      <subfield code="a">191 p. : </subfield>
      <subfield code="a">112 p. : </subfield>
      <subfield code="b">il. ; </subfield>
      <subfield code="a">v. : </subfield>
      <subfield code="a">2 v. : </subfield>
      <subfield code="b">il. ; </subfield>
      <subfield code="a">111 p. : </subfield>
      <subfield code="a">199 p. : </subfield>
      <subfield code="b">il. ; </subfield>
      <subfield code="a">154 p. : </subfield>
      <subfield code="a">183 p. : </subfield>
      <subfield code="a">106 p. : </subfield>
      <subfield code="b">il. ; </subfield>
      <subfield code="a">133 p. : </subfield>
      <subfield code="b">il. ; </subfield>
      <subfield code="a">73 p. : </subfield>
      <subfield code="b">il. ; </subfield>
      <subfield code="a">198 p. : </subfield>
      <subfield code="a">165 p. : </subfield>
      <subfield code="a">57 p. : </subfield>
      <subfield code="b">il. ; </subfield>
      <subfield code="a">104 p. : </subfield>
      <subfield code="b">il. ; </subfield>
      <subfield code="a">165 p. : </subfield>
      <subfield code="b">il. ; </subfield>
      <subfield code="a">xxii, 1193 p. : </subfield>
      <subfield code="a">v. : </subfield>
      <subfield code="b">il. ; </subfield>
      <subfield code="a">380 p. : </subfield>
      <subfield code="b">il. ; </subfield>
      <subfield code="a">xvi, 558 p. : </subfield>
      <subfield code="b">il. ; </subfield>
      <subfield code="a">v. : </subfield>
      <subfield code="b">il. ; </subfield>
      <subfield code="a">2 v. : </subfield>
      <subfield code="a">164  p. : </subfield>
      <subfield code="b">il. ; </subfield>
      <subfield code="a">179 p. : </subfield>
      <subfield code="b">il. ; </subfield>
      <subfield code="a">544 p. : </subfield>
      <subfield code="b">il. ; </subfield>
      <subfield code="a">544 p. : </subfield>
      <subfield code="b">il. ; </subfield>
      <subfield code="a">70 p. : </subfield>
      <subfield code="a">212 p. : </subfield>
      <subfield code="a">v. : </subfield>
      <subfield code="b">il. ; </subfield>
      <subfield code="a">ix, 477 p. : </subfield>
      <subfield code="b">il ; </subfield>
      <subfield code="a">380 p. : </subfield>
      <subfield code="b">il. ; </subfield>
      <subfield code="a">390 p. : </subfield>
      <subfield code="b">cuadros ; </subfield>
      <subfield code="a">212 p. : </subfield>
      <subfield code="a">xii, 167 p. : </subfield>
      <subfield code="b">il. ; </subfield>
      <subfield code="a">208 p. : </subfield>
      <subfield code="b">il. ; </subfield>
      <subfield code="a">xvii, 813 p. : </subfield>
      <subfield code="b">il. ; </subfield>
      <subfield code="a">xvi, 439 p. : </subfield>
      <subfield code="a">xv, 613 p. : </subfield>
      <subfield code="b">il. ; </subfield>
      <subfield code="a">621 p. : </subfield>
      <subfield code="b">il. ; </subfield>
      <subfield code="a">677 p. : </subfield>
      <subfield code="b">il. ; </subfield>
      <subfield code="a">298 p. : </subfield>
      <subfield code="b">il. ; </subfield>
      <subfield code="a">266 p. : </subfield>
      <subfield code="a">2 v. : </subfield>
      <subfield code="b">il. ; </subfield>
      <subfield code="e">1 disquete (3½) en bolsillo</subfield>
    </datafield>
    <datafield tag="500" ind1=" " ind2=" ">
      <subfield code="a">El año de impresión varía según el ejemplar</subfield>
    </datafield>
    <datafield tag="500" ind1=" " ind2=" ">
      <subfield code="a">Los ejemplares de la UASJ no poseen disquete</subfield>
    </datafield>
    <datafield tag="500" ind1=" " ind2=" ">
      <subfield code="a">Los ejemplares de la UACO no poseen disquete: 02-03860, 02-03861, 02-04112, 02-04113, 02-00006 y 02-00005</subfield>
    </datafield>
    <datafield tag="942" ind1=" " ind2=" ">
      <subfield code="c">BK</subfield>
    </datafield>
    <datafield tag="952" ind1=" " ind2=" ">
      <subfield code="a">BIB_UACO</subfield>
      <subfield code="b">BIB_UACO</subfield>
      <subfield code="d">2012-10-24</subfield>
      <subfield code="y">BK</subfield>
      <subfield code="p">02-00005</subfield>
    </datafield>
    <datafield tag="952" ind1=" " ind2=" ">
      <subfield code="a">BIB_UACO</subfield>
      <subfield code="b">BIB_UACO</subfield>
      <subfield code="d">2012-10-24</subfield>
      <subfield code="y">BK</subfield>
      <subfield code="p">02-00006</subfield>
    </datafield>
    <datafield tag="952" ind1=" " ind2=" ">
      <subfield code="a">BIB_UACO</subfield>
      <subfield code="b">BIB_UACO</subfield>
      <subfield code="d">2012-10-24</subfield>
      <subfield code="y">BK</subfield>
      <subfield code="p">02-03858</subfield>
    </datafield>
    <datafield tag="952" ind1=" " ind2=" ">
      <subfield code="a">BIB_UACO</subfield>
      <subfield code="b">BIB_UACO</subfield>
      <subfield code="d">2012-10-24</subfield>
      <subfield code="y">BK</subfield>
      <subfield code="p">02-03859</subfield>
    </datafield>
    <datafield tag="952" ind1=" " ind2=" ">
      <subfield code="a">BIB_UACO</subfield>
      <subfield code="b">BIB_UACO</subfield>
      <subfield code="d">2012-10-24</subfield>
      <subfield code="y">BK</subfield>
      <subfield code="p">02-03860</subfield>
    </datafield>
    <datafield tag="952" ind1=" " ind2=" ">
      <subfield code="a">BIB_UACO</subfield>
      <subfield code="b">BIB_UACO</subfield>
      <subfield code="d">2012-10-24</subfield>
      <subfield code="y">BK</subfield>
      <subfield code="p">02-03861</subfield>
    </datafield>
    <datafield tag="952" ind1=" " ind2=" ">
      <subfield code="a">BIB_UACO</subfield>
      <subfield code="b">BIB_UACO</subfield>
      <subfield code="d">2012-10-24</subfield>
      <subfield code="y">BK</subfield>
      <subfield code="p">02-04110</subfield>
    </datafield>
    <datafield tag="952" ind1=" " ind2=" ">
      <subfield code="a">BIB_UACO</subfield>
      <subfield code="b">BIB_UACO</subfield>
      <subfield code="d">2012-10-24</subfield>
      <subfield code="y">BK</subfield>
      <subfield code="p">02-04111</subfield>
    </datafield>
    <datafield tag="952" ind1=" " ind2=" ">
      <subfield code="a">BIB_UACO</subfield>
      <subfield code="b">BIB_UACO</subfield>
      <subfield code="d">2012-10-24</subfield>
      <subfield code="y">BK</subfield>
      <subfield code="p">02-04112</subfield>
    </datafield>
    <datafield tag="952" ind1=" " ind2=" ">
      <subfield code="a">BIB_UART</subfield>
      <subfield code="b">BIB_UART</subfield>
      <subfield code="d">2012-10-24</subfield>
      <subfield code="y">BK</subfield>
      <subfield code="p">02-04113</subfield>
    </datafield>
    <datafield tag="952" ind1=" " ind2=" ">
      <subfield code="a">BIB_UART</subfield>
      <subfield code="b">BIB_UART</subfield>
      <subfield code="d">2012-06-14</subfield>
      <subfield code="y">BK</subfield>
      <subfield code="p">03-00991</subfield>
    </datafield>
    <datafield tag="952" ind1=" " ind2=" ">
      <subfield code="a">BIB_UART</subfield>
      <subfield code="b">BIB_UART</subfield>
      <subfield code="d">2012-06-14</subfield>
      <subfield code="y">BK</subfield>
      <subfield code="p">03-00992</subfield>
    </datafield>
    <datafield tag="952" ind1=" " ind2=" ">
      <subfield code="a">BIB_UASJ</subfield>
      <subfield code="b">BIB_UASJ</subfield>
      <subfield code="d">2012-06-14</subfield>
      <subfield code="y">BK</subfield>
      <subfield code="p">04-00600</subfield>
    </datafield>
    <datafield tag="952" ind1=" " ind2=" ">
      <subfield code="a">BIB_UASJ</subfield>
      <subfield code="b">BIB_UASJ</subfield>
      <subfield code="d">2012-06-14</subfield>
      <subfield code="y">BK</subfield>
      <subfield code="p">04-00601</subfield>
    </datafield>
    <datafield tag="952" ind1=" " ind2=" ">
      <subfield code="a">BIB_UASJ</subfield>
      <subfield code="b">BIB_UASJ</subfield>
      <subfield code="d">2012-06-14</subfield>
      <subfield code="y">BK</subfield>
      <subfield code="p">04-f00035</subfield>
    </datafield>
    <datafield tag="952" ind1=" " ind2=" ">
      <subfield code="a">BIB_UARG</subfield>
      <subfield code="b">BIB_UARG</subfield>
      <subfield code="d">2012-06-14</subfield>
      <subfield code="y">BK</subfield>
      <subfield code="p">05-13746</subfield>
    </datafield>
    <datafield tag="952" ind1=" " ind2=" ">
      <subfield code="a">BIB_UARG</subfield>
      <subfield code="b">BIB_UARG</subfield>
      <subfield code="d">2012-06-14</subfield>
      <subfield code="y">BK</subfield>
      <subfield code="p">05-13747</subfield>
    </datafield>
    <datafield tag="952" ind1=" " ind2=" ">
      <subfield code="a">BIB_UARG</subfield>
      <subfield code="b">BIB_UARG</subfield>
      <subfield code="d">2012-06-14</subfield>
      <subfield code="y">BK</subfield>
      <subfield code="p">05-13748</subfield>
    </datafield>
    <datafield tag="952" ind1=" " ind2=" ">
      <subfield code="a">BIB_UARG</subfield>
      <subfield code="b">BIB_UARG</subfield>
      <subfield code="d">2012-06-14</subfield>
      <subfield code="y">BK</subfield>
      <subfield code="p">05-13749</subfield>
    </datafield>
  </record>