
  <record>
    <leader>01000aam  22002601a 4500</leader>
    <controlfield tag="001">YPZ95407</controlfield>
    <controlfield tag="003">YPZ</controlfield>
    <controlfield tag="005">201206141530380</controlfield>
    <controlfield tag="008">120614|###########||||||b||||||||||spa|d</controlfield>
    <datafield tag="040" ind1=" " ind2=" ">
      <subfield code="c">SIUNPA</subfield>
    </datafield>
    <datafield tag="041" ind1=" " ind2=" ">
      <subfield code="a">spa</subfield>
    </datafield>
    <datafield tag="044" ind1=" " ind2=" ">
      <subfield code="a">AR</subfield>
    </datafield>
    <datafield tag="082" ind1=" " ind2=" ">
      <subfield code="a">371.26 O119p</subfield>
    </datafield>
    <datafield tag="100" ind1=" " ind2=" ">
      <subfield code="a">Oñativia, Oscar.</subfield>
    </datafield>
    <datafield tag="245" ind1=" " ind2=" ">
      <subfield code="a">Prueba de maduración Salta</subfield>
      <subfield code="b"> : exámenes colectivos para ingreso al primer grado y formación de grupos de nivelación y recuperación</subfield>
      <subfield code="c"> / Fernández Acevedo, Yolanda, colab. ; Marini, Betty, colab. ; Santillán, Elva G., colab. ; García de Gir, Irene, colab. ; Sánchez de Rueda, Nelly, colab. ; Buccianti de Nuñez, Betty, colab. ; Savoy de Dupont, Lidia, colab. ; González, Berta, colab. ; Sarmiento, Berta, colab.</subfield>
    </datafield>
    <datafield tag="260" ind1=" " ind2=" ">
      <subfield code="a">Buenos Aires</subfield>
      <subfield code="b"> : Hvmanitas</subfield>
      <subfield code="c"> , 1972</subfield>
    </datafield>
    <datafield tag="942" ind1=" " ind2=" ">
      <subfield code="c">BK</subfield>
    </datafield>
    <datafield tag="952" ind1=" " ind2=" ">
      <subfield code="a">BIB_UASJ</subfield>
      <subfield code="b">BIB_UASJ</subfield>
      <subfield code="d">2012-06-07</subfield>
      <subfield code="y">BK</subfield>
      <subfield code="p">04-00042</subfield>
    </datafield>
  </record>