
  <record>
    <leader>01000aam  22002601a 4500</leader>
    <controlfield tag="001">YPZ95414</controlfield>
    <controlfield tag="003">YPZ</controlfield>
    <controlfield tag="005">201206141851170</controlfield>
    <controlfield tag="008">120614|###########||||||b||||||||||spa|d</controlfield>
    <datafield tag="040" ind1=" " ind2=" ">
      <subfield code="c">SIUNPA</subfield>
    </datafield>
    <datafield tag="041" ind1=" " ind2=" ">
      <subfield code="a">spa</subfield>
    </datafield>
    <datafield tag="044" ind1=" " ind2=" ">
      <subfield code="a">ES</subfield>
    </datafield>
    <datafield tag="082" ind1=" " ind2=" ">
      <subfield code="a">159.922 F487i</subfield>
    </datafield>
    <datafield tag="100" ind1=" " ind2=" ">
      <subfield code="a">Filloux, Jean Claude.</subfield>
    </datafield>
    <datafield tag="245" ind1=" " ind2=" ">
      <subfield code="a">El inconsciente</subfield>
      <subfield code="c"> / García-Bosch,  J.,  tr.</subfield>
    </datafield>
    <datafield tag="260" ind1=" " ind2=" ">
      <subfield code="a">Barcelona</subfield>
      <subfield code="b"> : Oikos-Tau</subfield>
      <subfield code="c"> , 1972</subfield>
    </datafield>
    <datafield tag="440" ind1=" " ind2=" ">
      <subfield code="a">Colección de Pedagogía práctica</subfield>
      <subfield code="a">Serie Schaum de Anatomía y fisiología humanas</subfield>
      <subfield code="a">Biblioteca de cultura pedagógica. Serie didáctica</subfield>
      <subfield code="a">Manuales / Eudeba</subfield>
      <subfield code="a">Manuales / Eudeba</subfield>
      <subfield code="a">Biblioteca del Universitario. Temas/Psicología</subfield>
      <subfield code="a">Serie Psicología y relaciones humanas</subfield>
      <subfield code="a">Colección ¿Qué sé?</subfield>
      <subfield code="v">no. 71</subfield>
    </datafield>
    <datafield tag="490" ind1=" " ind2=" ">
      <subfield code="a">Colección de Pedagogía práctica</subfield>
      <subfield code="a">Serie Schaum de Anatomía y fisiología humanas</subfield>
      <subfield code="a">Biblioteca de cultura pedagógica. Serie didáctica</subfield>
      <subfield code="a">Manuales / Eudeba</subfield>
      <subfield code="a">Manuales / Eudeba</subfield>
      <subfield code="a">Biblioteca del Universitario. Temas/Psicología</subfield>
      <subfield code="a">Serie Psicología y relaciones humanas</subfield>
      <subfield code="a">Colección ¿Qué sé?</subfield>
      <subfield code="v">no. 71</subfield>
    </datafield>
    <datafield tag="942" ind1=" " ind2=" ">
      <subfield code="c">BK</subfield>
    </datafield>
    <datafield tag="952" ind1=" " ind2=" ">
      <subfield code="a">BIB_UASJ</subfield>
      <subfield code="b">BIB_UASJ</subfield>
      <subfield code="d">2012-06-14</subfield>
      <subfield code="y">BK</subfield>
      <subfield code="p">04-00018</subfield>
    </datafield>
  </record>