
  <record>
    <leader>01000aam  22002601a 4500</leader>
    <controlfield tag="001">YPZ95444</controlfield>
    <controlfield tag="003">YPZ</controlfield>
    <controlfield tag="005">201206221424500</controlfield>
    <controlfield tag="008">120622|###########||||||b||||||||||spa|d</controlfield>
    <datafield tag="020" ind1=" " ind2=" ">
      <subfield code="a">9789501265781</subfield>
    </datafield>
    <datafield tag="040" ind1=" " ind2=" ">
      <subfield code="c">SIUNPA</subfield>
    </datafield>
    <datafield tag="041" ind1=" " ind2=" ">
      <subfield code="a">spa</subfield>
    </datafield>
    <datafield tag="044" ind1=" " ind2=" ">
      <subfield code="a">AR</subfield>
    </datafield>
    <datafield tag="082" ind1=" " ind2=" ">
      <subfield code="a">321.01 Z824e2</subfield>
    </datafield>
    <datafield tag="100" ind1=" " ind2=" ">
      <subfield code="a">Zizek, Slavoj.</subfield>
    </datafield>
    <datafield tag="245" ind1=" " ind2=" ">
      <subfield code="a">El espinoso sujeto</subfield>
      <subfield code="b"> : el centro ausente de la ontología política</subfield>
      <subfield code="c"> / Piatigorsky, Jorge, tr.</subfield>
    </datafield>
    <datafield tag="250" ind1=" " ind2=" ">
      <subfield code="a">2a ed. aum.</subfield>
    </datafield>
    <datafield tag="260" ind1=" " ind2=" ">
      <subfield code="a">Buenos Aires</subfield>
      <subfield code="b"> : Paidós</subfield>
      <subfield code="c"> , 2011</subfield>
    </datafield>
    <datafield tag="440" ind1=" " ind2=" ">
      <subfield code="a">Sección obras de Economía</subfield>
      <subfield code="a">Sección obras de Economía</subfield>
      <subfield code="a">Sección de obras de economía</subfield>
      <subfield code="a">Psicología y epistemología</subfield>
      <subfield code="a">Serie Psicología y relaciones humanas</subfield>
      <subfield code="a">Serie Psicología y relaciones humanas</subfield>
      <subfield code="a">Espacios del saber</subfield>
      <subfield code="v">20</subfield>
    </datafield>
    <datafield tag="490" ind1=" " ind2=" ">
      <subfield code="a">Sección obras de Economía</subfield>
      <subfield code="a">Sección obras de Economía</subfield>
      <subfield code="a">Sección de obras de economía</subfield>
      <subfield code="a">Psicología y epistemología</subfield>
      <subfield code="a">Serie Psicología y relaciones humanas</subfield>
      <subfield code="a">Serie Psicología y relaciones humanas</subfield>
      <subfield code="a">Espacios del saber</subfield>
      <subfield code="v">20</subfield>
    </datafield>
    <datafield tag="942" ind1=" " ind2=" ">
      <subfield code="c">BK</subfield>
    </datafield>
    <datafield tag="952" ind1=" " ind2=" ">
      <subfield code="a">BIB_UARG</subfield>
      <subfield code="b">BIB_UARG</subfield>
      <subfield code="d">2012-06-22</subfield>
      <subfield code="y">BK</subfield>
      <subfield code="p">05-42670</subfield>
    </datafield>
  </record>