
  <record>
    <leader>01000aam  22002601a 4500</leader>
    <controlfield tag="001">YPZ95445</controlfield>
    <controlfield tag="003">YPZ</controlfield>
    <controlfield tag="005">201206221437070</controlfield>
    <controlfield tag="008">120622|###########||||||b||||||||||spa|d</controlfield>
    <datafield tag="040" ind1=" " ind2=" ">
      <subfield code="c">SIUNPA</subfield>
    </datafield>
    <datafield tag="041" ind1=" " ind2=" ">
      <subfield code="a">spa</subfield>
    </datafield>
    <datafield tag="044" ind1=" " ind2=" ">
      <subfield code="a">AR</subfield>
    </datafield>
    <datafield tag="082" ind1=" " ind2=" ">
      <subfield code="a">349:338.48 A691l</subfield>
    </datafield>
    <datafield tag="110" ind1=" " ind2=" ">
      <subfield code="a">Argentina. Leyes, etc..</subfield>
    </datafield>
    <datafield tag="245" ind1=" " ind2=" ">
      <subfield code="a">Legislación de turismo</subfield>
    </datafield>
    <datafield tag="250" ind1=" " ind2=" ">
      <subfield code="a">1a ed.</subfield>
    </datafield>
    <datafield tag="260" ind1=" " ind2=" ">
      <subfield code="a">Buenos Aires</subfield>
      <subfield code="b"> : Ediciones del País</subfield>
      <subfield code="c"> , 2007</subfield>
    </datafield>
    <datafield tag="500" ind1=" " ind2=" ">
      <subfield code="a">En cub. y portada: Ley nacional de turismo Ley Nº 25.997. Reglamentación de la Ley 25.997. Decreto Nº 1297/2006 -- Agentes de viaje Ley Nº 18.829. Reglamentación Ley 18.829. Decreto Nº 2182/72 -- Convención Internacional Relativa al Contrato de Viaje Ley Nº 19.918 -- Turismo Estudiantil Ley Nº 25.599 -- Resoluciones reglamentarias sobre: cierre temporario de agencias - Constitución de garantías - Limitación comercial - Arancel-trámites - Operadores charters - Reempadronamiento de agencias - Fianzas de A.A.A.V. y T. - Habilitaciones - Horarios de hoteles - Modelo de contrato - Venta vía Internet - Multas-procedimiento - Turismo receptivo</subfield>
    </datafield>
    <datafield tag="942" ind1=" " ind2=" ">
      <subfield code="c">BK</subfield>
    </datafield>
    <datafield tag="952" ind1=" " ind2=" ">
      <subfield code="a">BIB_UARG</subfield>
      <subfield code="b">BIB_UARG</subfield>
      <subfield code="d">2012-06-22</subfield>
      <subfield code="y">BK</subfield>
      <subfield code="p">05-42684</subfield>
    </datafield>
  </record>