
  <record>
    <leader>01000aam  22002601a 4500</leader>
    <controlfield tag="001">YPZ95474</controlfield>
    <controlfield tag="003">YPZ</controlfield>
    <controlfield tag="005">201206251449170</controlfield>
    <controlfield tag="008">120625|###########||||||b||||||||||spa|d</controlfield>
    <datafield tag="040" ind1=" " ind2=" ">
      <subfield code="c">SIUNPA</subfield>
    </datafield>
    <datafield tag="041" ind1=" " ind2=" ">
      <subfield code="a">spa</subfield>
    </datafield>
    <datafield tag="044" ind1=" " ind2=" ">
      <subfield code="a">CL</subfield>
    </datafield>
    <datafield tag="082" ind1=" " ind2=" ">
      <subfield code="a">332.1 B683t2</subfield>
    </datafield>
    <datafield tag="100" ind1=" " ind2=" ">
      <subfield code="a">Boisier Etcheberry, Sergio.</subfield>
    </datafield>
    <datafield tag="245" ind1=" " ind2=" ">
      <subfield code="a">Técnicas de análisis regional con información limitada</subfield>
    </datafield>
    <datafield tag="250" ind1=" " ind2=" ">
      <subfield code="a">2a ed.</subfield>
    </datafield>
    <datafield tag="260" ind1=" " ind2=" ">
      <subfield code="a">Santiago de Chile</subfield>
      <subfield code="b"> : Instituto Latinoamericano y del Caribe de Planificación Económica y Social, ILPES</subfield>
      <subfield code="c"> , 1980</subfield>
    </datafield>
    <datafield tag="440" ind1=" " ind2=" ">
      <subfield code="a">Colección entrevistas</subfield>
      <subfield code="a">Colección cultura y sociedad</subfield>
      <subfield code="a">Colección cuadernos de cátedra</subfield>
      <subfield code="a">Guía clínica de enfermería</subfield>
      <subfield code="a">Colección itinerario americano</subfield>
      <subfield code="a">Biblioteca del ciclo básico</subfield>
      <subfield code="a">Biblioteca del universitario. Manuales/matemática</subfield>
      <subfield code="a">Cuadernos del ILPES</subfield>
      <subfield code="v">27</subfield>
    </datafield>
    <datafield tag="490" ind1=" " ind2=" ">
      <subfield code="a">Colección entrevistas</subfield>
      <subfield code="a">Colección cultura y sociedad</subfield>
      <subfield code="a">Colección cuadernos de cátedra</subfield>
      <subfield code="a">Guía clínica de enfermería</subfield>
      <subfield code="a">Colección itinerario americano</subfield>
      <subfield code="a">Biblioteca del ciclo básico</subfield>
      <subfield code="a">Biblioteca del universitario. Manuales/matemática</subfield>
      <subfield code="a">Cuadernos del ILPES</subfield>
      <subfield code="v">27</subfield>
    </datafield>
    <datafield tag="942" ind1=" " ind2=" ">
      <subfield code="c">BK</subfield>
    </datafield>
    <datafield tag="952" ind1=" " ind2=" ">
      <subfield code="a">BIB_UASJ</subfield>
      <subfield code="b">BIB_UASJ</subfield>
      <subfield code="d">2012-06-11</subfield>
      <subfield code="y">BK</subfield>
      <subfield code="p">04-00961</subfield>
    </datafield>
    <datafield tag="952" ind1=" " ind2=" ">
      <subfield code="a">BIB_UARG</subfield>
      <subfield code="b">BIB_UARG</subfield>
      <subfield code="d">2012-06-11</subfield>
      <subfield code="y">BK</subfield>
      <subfield code="p">05-08126</subfield>
    </datafield>
  </record>