
  <record>
    <leader>01000aam  22002601a 4500</leader>
    <controlfield tag="001">YPZ95503</controlfield>
    <controlfield tag="003">YPZ</controlfield>
    <controlfield tag="005">201206271610450</controlfield>
    <controlfield tag="008">120627|###########||||||b||||||||||spa|d</controlfield>
    <datafield tag="040" ind1=" " ind2=" ">
      <subfield code="c">SIUNPA</subfield>
    </datafield>
    <datafield tag="041" ind1=" " ind2=" ">
      <subfield code="a">spa</subfield>
    </datafield>
    <datafield tag="044" ind1=" " ind2=" ">
      <subfield code="a">JP</subfield>
    </datafield>
    <datafield tag="082" ind1=" " ind2=" ">
      <subfield code="a">004.388.2 B582b</subfield>
    </datafield>
    <datafield tag="245" ind1=" " ind2=" ">
      <subfield code="a">Biblioteca de programas</subfield>
      <subfield code="b"> : FX-601P / FX-602P</subfield>
    </datafield>
    <datafield tag="260" ind1=" " ind2=" ">
      <subfield code="a">[Tokyo]</subfield>
      <subfield code="b"> : Casio</subfield>
      <subfield code="c"> , [1981?]</subfield>
    </datafield>
    <datafield tag="942" ind1=" " ind2=" ">
      <subfield code="c">BK</subfield>
    </datafield>
    <datafield tag="952" ind1=" " ind2=" ">
      <subfield code="a">BIB_UACO</subfield>
      <subfield code="b">BIB_UACO</subfield>
      <subfield code="d">2012-06-27</subfield>
      <subfield code="y">BK</subfield>
      <subfield code="p">02-42718</subfield>
    </datafield>
  </record>