
  <record>
    <leader>01000aam  22002601a 4500</leader>
    <controlfield tag="001">YPZ95528</controlfield>
    <controlfield tag="003">YPZ</controlfield>
    <controlfield tag="005">201206291546030</controlfield>
    <controlfield tag="008">120629|###########||||||b||||||||||spa|d</controlfield>
    <datafield tag="020" ind1=" " ind2=" ">
      <subfield code="a">9788483749531</subfield>
    </datafield>
    <datafield tag="040" ind1=" " ind2=" ">
      <subfield code="c">SIUNPA</subfield>
    </datafield>
    <datafield tag="041" ind1=" " ind2=" ">
      <subfield code="a">spa</subfield>
    </datafield>
    <datafield tag="044" ind1=" " ind2=" ">
      <subfield code="a">ES</subfield>
    </datafield>
    <datafield tag="082" ind1=" " ind2=" ">
      <subfield code="a">821.134.2 R592s</subfield>
    </datafield>
    <datafield tag="100" ind1=" " ind2=" ">
      <subfield code="a">Ripoll, Laila.</subfield>
    </datafield>
    <datafield tag="245" ind1=" " ind2=" ">
      <subfield code="a">Santa Perpetua</subfield>
      <subfield code="c"> / Fernández, José Ramón, pról.</subfield>
    </datafield>
    <datafield tag="250" ind1=" " ind2=" ">
      <subfield code="a">1a ed.</subfield>
    </datafield>
    <datafield tag="260" ind1=" " ind2=" ">
      <subfield code="a">Madrid</subfield>
      <subfield code="b"> : Huerga y Fierro</subfield>
      <subfield code="c"> , 2011</subfield>
    </datafield>
    <datafield tag="440" ind1=" " ind2=" ">
      <subfield code="a">Infantil-juvenil</subfield>
      <subfield code="a">DST, Drill stem testing tools and services</subfield>
      <subfield code="a">DST, Drill stem testing tools and services</subfield>
      <subfield code="a">Colección así aprendemos</subfield>
      <subfield code="a">Colección así aprendemos</subfield>
      <subfield code="a">Colección así aprendemos</subfield>
      <subfield code="a">Colección así aprendemos</subfield>
      <subfield code="a">Colección así aprendemos</subfield>
      <subfield code="a">Colección así aprendemos</subfield>
      <subfield code="a">Colección así aprendemos</subfield>
      <subfield code="a">Colección así aprendemos</subfield>
      <subfield code="a">Colección así aprendemos</subfield>
      <subfield code="a">Colección así aprendemos</subfield>
      <subfield code="a">Colección el teatro puede</subfield>
      <subfield code="v">no. 8</subfield>
    </datafield>
    <datafield tag="490" ind1=" " ind2=" ">
      <subfield code="a">Infantil-juvenil</subfield>
      <subfield code="a">DST, Drill stem testing tools and services</subfield>
      <subfield code="a">DST, Drill stem testing tools and services</subfield>
      <subfield code="a">Colección así aprendemos</subfield>
      <subfield code="a">Colección así aprendemos</subfield>
      <subfield code="a">Colección así aprendemos</subfield>
      <subfield code="a">Colección así aprendemos</subfield>
      <subfield code="a">Colección así aprendemos</subfield>
      <subfield code="a">Colección así aprendemos</subfield>
      <subfield code="a">Colección así aprendemos</subfield>
      <subfield code="a">Colección así aprendemos</subfield>
      <subfield code="a">Colección así aprendemos</subfield>
      <subfield code="a">Colección así aprendemos</subfield>
      <subfield code="a">Colección el teatro puede</subfield>
      <subfield code="v">no. 8</subfield>
    </datafield>
    <datafield tag="942" ind1=" " ind2=" ">
      <subfield code="c">BK</subfield>
    </datafield>
    <datafield tag="952" ind1=" " ind2=" ">
      <subfield code="a">BIB_UARG</subfield>
      <subfield code="b">BIB_UARG</subfield>
      <subfield code="d">2012-06-29</subfield>
      <subfield code="y">BK</subfield>
      <subfield code="p">05-42751</subfield>
    </datafield>
  </record>