
  <record>
    <leader>01000aam  22002601a 4500</leader>
    <controlfield tag="001">YPZ95539</controlfield>
    <controlfield tag="003">YPZ</controlfield>
    <controlfield tag="005">201207021504590</controlfield>
    <controlfield tag="008">120702|###########||||||b||||||||||spa|d</controlfield>
    <datafield tag="040" ind1=" " ind2=" ">
      <subfield code="c">SIUNPA</subfield>
    </datafield>
    <datafield tag="041" ind1=" " ind2=" ">
      <subfield code="a">spa</subfield>
    </datafield>
    <datafield tag="044" ind1=" " ind2=" ">
      <subfield code="a">AR</subfield>
    </datafield>
    <datafield tag="082" ind1=" " ind2=" ">
      <subfield code="a">630*22 R382r</subfield>
    </datafield>
    <datafield tag="100" ind1=" " ind2=" ">
      <subfield code="a">Peri, Pablo Luis.</subfield>
    </datafield>
    <datafield tag="700" ind1=" " ind2=" ">
      <subfield code="a">Heinz, Ernesto.</subfield>
    </datafield>
    <datafield tag="700" ind1=" " ind2=" ">
      <subfield code="a">Migliora, Horacio.</subfield>
    </datafield>
    <datafield tag="700" ind1=" " ind2=" ">
      <subfield code="a">Lamoureux, Mabel.</subfield>
    </datafield>
    <datafield tag="700" ind1=" " ind2=" ">
      <subfield code="a">Rial, Pablo.</subfield>
    </datafield>
    <datafield tag="245" ind1=" " ind2=" ">
      <subfield code="a">Relevamiento forestal del bosque nativo de Nothofagus, mediante el procesamiento digital de imágenes satelitales Landsat</subfield>
      <subfield code="b"> : estudio de suelos relacionado a la aptitud forestal de coníferas en la zona de ecotono</subfield>
      <subfield code="c"> / Bregliani, Mabel, colab. ; Carmisciano, Pedro, colab. ; Villareal, Fermín, colab. ; Vukasovic, Jorge, colab. ; Gismondi, Daniel, colab. ; Ruiz, Juan Carlos, colab.</subfield>
    </datafield>
    <datafield tag="260" ind1=" " ind2=" ">
      <subfield code="a">Río Gallegos</subfield>
      <subfield code="b"> : EEA Santa Cruz, INTA</subfield>
      <subfield code="b"> : Unidad Académica Río Gallegos, UNPA</subfield>
      <subfield code="b"> : Consejo Agrario Provincial</subfield>
      <subfield code="c"> , 1998</subfield>
    </datafield>
    <datafield tag="300" ind1=" " ind2=" ">
      <subfield code="a">252 p. : </subfield>
      <subfield code="a">91 p. : </subfield>
      <subfield code="b">il. ; </subfield>
      <subfield code="a">671 p. : </subfield>
      <subfield code="b">il. ; </subfield>
      <subfield code="a">v. : </subfield>
      <subfield code="a">xxiv, 1188 p. : </subfield>
      <subfield code="a">329 p. : </subfield>
      <subfield code="b">il. ; </subfield>
      <subfield code="a">187 p. : </subfield>
      <subfield code="a">110 p. : </subfield>
      <subfield code="a">122 p. : </subfield>
      <subfield code="a">232 p. : </subfield>
      <subfield code="a">509 p. : </subfield>
      <subfield code="b">tablas ; </subfield>
      <subfield code="a">74 p. : </subfield>
      <subfield code="b">il. ; </subfield>
      <subfield code="a">2 v. : </subfield>
      <subfield code="a">114 p. : </subfield>
      <subfield code="b">il. ; </subfield>
      <subfield code="a">511 p. : </subfield>
      <subfield code="a">230 p. : </subfield>
      <subfield code="a">130 p. : </subfield>
      <subfield code="a">234 p. : </subfield>
      <subfield code="b">il. ; </subfield>
      <subfield code="a">235 p. : </subfield>
      <subfield code="a">190 p. : </subfield>
      <subfield code="a">179 p. : </subfield>
      <subfield code="a">284 p. : </subfield>
      <subfield code="a">284 p. : </subfield>
      <subfield code="a">418 p. : </subfield>
      <subfield code="b">il. ; </subfield>
      <subfield code="a">155 p. : </subfield>
      <subfield code="a">155 p. : </subfield>
      <subfield code="a">xiv, 404 p. : </subfield>
      <subfield code="b">il. ; </subfield>
      <subfield code="a">xv, 759 p. : </subfield>
      <subfield code="b">gráficos ; </subfield>
      <subfield code="a">xvi, 371 p. : </subfield>
      <subfield code="b">il. ; </subfield>
      <subfield code="a">252 p. : </subfield>
      <subfield code="a">255 p. : </subfield>
      <subfield code="a">622 p. : </subfield>
      <subfield code="a">432 p. : </subfield>
      <subfield code="a">94 p. : </subfield>
      <subfield code="b">il. ; </subfield>
      <subfield code="a">443 p. : </subfield>
      <subfield code="b">il. ; </subfield>
      <subfield code="a">272 p. : </subfield>
      <subfield code="b">il. ; </subfield>
      <subfield code="a">233 p. : </subfield>
      <subfield code="a">314 p. : </subfield>
      <subfield code="a">xxxv, 571 p. : </subfield>
      <subfield code="a">144 p. : </subfield>
      <subfield code="a">429 p. : </subfield>
      <subfield code="a">303 p. : </subfield>
      <subfield code="a">285 p. : </subfield>
      <subfield code="b">il. ; </subfield>
      <subfield code="a">270 p. : </subfield>
      <subfield code="b">il. ; </subfield>
      <subfield code="a">251 p. : </subfield>
      <subfield code="b">il. ; </subfield>
      <subfield code="a">331 p. : </subfield>
      <subfield code="a">262 p. : </subfield>
      <subfield code="a">255 p. : </subfield>
      <subfield code="a">165 p. : </subfield>
      <subfield code="a">168 p. : </subfield>
      <subfield code="a">xii, 573 p. : </subfield>
      <subfield code="b">il. ; </subfield>
      <subfield code="a">110 p. : </subfield>
      <subfield code="a">370 p. : </subfield>
      <subfield code="a">251 p. : </subfield>
      <subfield code="a">xxi, 358 p. : </subfield>
      <subfield code="b">il. ; </subfield>
      <subfield code="a">xxii, 393 p. : </subfield>
      <subfield code="b">cuadros ; </subfield>
      <subfield code="a">489 p. : </subfield>
      <subfield code="b">il. ; </subfield>
      <subfield code="a">477 p. : </subfield>
      <subfield code="b">il. ; </subfield>
      <subfield code="a">477 p. : </subfield>
      <subfield code="b">il. ; </subfield>
      <subfield code="a">395 p. : </subfield>
      <subfield code="b">il. ; </subfield>
      <subfield code="a">170 p. : </subfield>
      <subfield code="b">es ; </subfield>
      <subfield code="a">162  p. : </subfield>
      <subfield code="b">il. ; </subfield>
      <subfield code="a">162 p. : </subfield>
      <subfield code="b">il. ; </subfield>
      <subfield code="a">162  p. : </subfield>
      <subfield code="b">il. ; </subfield>
      <subfield code="a">162 p. : </subfield>
      <subfield code="b">il. ; </subfield>
      <subfield code="a">162  p. : </subfield>
      <subfield code="b">il. ; </subfield>
      <subfield code="a">162 p. : </subfield>
      <subfield code="b">il. ; </subfield>
      <subfield code="a">162  p. : </subfield>
      <subfield code="b">il. ; </subfield>
      <subfield code="a">192 p. : </subfield>
      <subfield code="a">197 p. : </subfield>
      <subfield code="b">il. ; </subfield>
      <subfield code="a">1040 p. : </subfield>
      <subfield code="a">423 p. : </subfield>
      <subfield code="b">il. ; </subfield>
      <subfield code="a">291 p. : </subfield>
      <subfield code="a">139 p. : </subfield>
      <subfield code="b">il. ; </subfield>
      <subfield code="a">2 v. : </subfield>
      <subfield code="b">il. ; </subfield>
      <subfield code="a">[129] h. en varias foliciaciones : </subfield>
      <subfield code="b">il. ; </subfield>
      <subfield code="a">142 h. : </subfield>
      <subfield code="b">il. ; </subfield>
      <subfield code="a">269 p. : </subfield>
      <subfield code="b">il. ; </subfield>
      <subfield code="a">1 v. (varias paginaciones) : </subfield>
      <subfield code="b">il. ; </subfield>
      <subfield code="a">v. : </subfield>
      <subfield code="b">il. ; </subfield>
      <subfield code="a">[150] h. en varias foliaciones : </subfield>
      <subfield code="b">il. ; </subfield>
      <subfield code="a">200 p. : </subfield>
      <subfield code="b">il. ; </subfield>
      <subfield code="a">[106] h. en varias foliaciones : </subfield>
      <subfield code="a">1 v. (en varias paginaciones) : </subfield>
      <subfield code="b">il. ; </subfield>
      <subfield code="a">[80] h. en varias foliaciones : </subfield>
      <subfield code="b">il. ; </subfield>
      <subfield code="a">[79] h. : </subfield>
      <subfield code="b">il. ; </subfield>
      <subfield code="a">[52] h. en varias foliaciones : </subfield>
      <subfield code="b">il. ; </subfield>
      <subfield code="a">[36] h. en varias foliaciones : </subfield>
      <subfield code="b">il. ; </subfield>
      <subfield code="a">395 p. : </subfield>
      <subfield code="b">il. ; </subfield>
      <subfield code="a">395 p. : </subfield>
      <subfield code="b">il. ; </subfield>
      <subfield code="a">477 p. : </subfield>
      <subfield code="b">il. ; </subfield>
      <subfield code="a">477 p. : </subfield>
      <subfield code="b">il. ; </subfield>
      <subfield code="a">477 p. : </subfield>
      <subfield code="b">il. ; </subfield>
      <subfield code="a">477 p. : </subfield>
      <subfield code="b">il. ; </subfield>
      <subfield code="a">101 p. : </subfield>
      <subfield code="b">il. ; </subfield>
      <subfield code="a">158 p. : </subfield>
      <subfield code="b">il. ; </subfield>
      <subfield code="a">50 p. : </subfield>
      <subfield code="b">il. ; </subfield>
      <subfield code="a">63 p. : </subfield>
      <subfield code="b">il. ; </subfield>
      <subfield code="a">124 p. : </subfield>
      <subfield code="b">il. ; </subfield>
      <subfield code="a">50 p. : </subfield>
      <subfield code="b">il. ; </subfield>
      <subfield code="a">131 p., 20 h. : </subfield>
      <subfield code="b">il. ; </subfield>
      <subfield code="a">125 p., 14 h. : </subfield>
      <subfield code="b">il. ; </subfield>
      <subfield code="a">203 p. : </subfield>
      <subfield code="b">il. ; </subfield>
      <subfield code="a">148 p. : </subfield>
      <subfield code="b">il. ; </subfield>
      <subfield code="a">91 p. : </subfield>
      <subfield code="a">92 p. : </subfield>
      <subfield code="a">310 p. : </subfield>
      <subfield code="b">il. ; </subfield>
      <subfield code="a">2 v. : </subfield>
      <subfield code="a">xxxi, 193 p. : </subfield>
      <subfield code="a">273 p. : </subfield>
      <subfield code="a">151 p. : </subfield>
      <subfield code="a">249 p. : </subfield>
      <subfield code="a">139 p. : </subfield>
      <subfield code="a">[150] h. en varias foliaciones : </subfield>
      <subfield code="b">il. ; </subfield>
      <subfield code="e">5 mapas en bolsillo</subfield>
    </datafield>
    <datafield tag="942" ind1=" " ind2=" ">
      <subfield code="c">BK</subfield>
    </datafield>
    <datafield tag="952" ind1=" " ind2=" ">
      <subfield code="a">BIB_UARG</subfield>
      <subfield code="b">BIB_UARG</subfield>
      <subfield code="d">2012-07-02</subfield>
      <subfield code="y">BK</subfield>
      <subfield code="p">05-15313</subfield>
    </datafield>
  </record>