
  <record>
    <leader>01000aam  22002601a 4500</leader>
    <controlfield tag="001">YPZ95541</controlfield>
    <controlfield tag="003">YPZ</controlfield>
    <controlfield tag="005">201207021630180</controlfield>
    <controlfield tag="008">120702|###########||||||b||||||||||spa|d</controlfield>
    <datafield tag="040" ind1=" " ind2=" ">
      <subfield code="c">SIUNPA</subfield>
    </datafield>
    <datafield tag="041" ind1=" " ind2=" ">
      <subfield code="a">spa</subfield>
    </datafield>
    <datafield tag="044" ind1=" " ind2=" ">
      <subfield code="a">AR</subfield>
    </datafield>
    <datafield tag="082" ind1=" " ind2=" ">
      <subfield code="a">37.014 S211c</subfield>
    </datafield>
    <datafield tag="100" ind1=" " ind2=" ">
      <subfield code="a">Sánchez, Victorio.</subfield>
    </datafield>
    <datafield tag="245" ind1=" " ind2=" ">
      <subfield code="a">Cultura nacional o cultura liberal</subfield>
      <subfield code="b"> : la batalla por la enseñanza libre</subfield>
    </datafield>
    <datafield tag="260" ind1=" " ind2=" ">
      <subfield code="a">Buenos Aires</subfield>
      <subfield code="b"> : Arayú</subfield>
      <subfield code="c"> , 1963</subfield>
    </datafield>
    <datafield tag="440" ind1=" " ind2=" ">
      <subfield code="a">Narrativas contemporáneas</subfield>
      <subfield code="a">Obras completas de Jorge Luis Borges</subfield>
      <subfield code="a">Publicación técnica / Proyecto Forestal Integrado Área Piloto Cancha Carreras</subfield>
      <subfield code="a">Educación hoy y mañana</subfield>
      <subfield code="a">Colección de estudios políticos</subfield>
      <subfield code="v">2</subfield>
    </datafield>
    <datafield tag="490" ind1=" " ind2=" ">
      <subfield code="a">Narrativas contemporáneas</subfield>
      <subfield code="a">Obras completas de Jorge Luis Borges</subfield>
      <subfield code="a">Publicación técnica / Proyecto Forestal Integrado Área Piloto Cancha Carreras</subfield>
      <subfield code="a">Educación hoy y mañana</subfield>
      <subfield code="a">Colección de estudios políticos</subfield>
      <subfield code="v">2</subfield>
    </datafield>
    <datafield tag="942" ind1=" " ind2=" ">
      <subfield code="c">BK</subfield>
    </datafield>
    <datafield tag="952" ind1=" " ind2=" ">
      <subfield code="a">BIB_UASJ</subfield>
      <subfield code="b">BIB_UASJ</subfield>
      <subfield code="d">2012-07-02</subfield>
      <subfield code="y">BK</subfield>
      <subfield code="p">04-42791</subfield>
    </datafield>
  </record>