
  <record>
    <leader>01000aam  22002601a 4500</leader>
    <controlfield tag="001">YPZ95574</controlfield>
    <controlfield tag="003">YPZ</controlfield>
    <controlfield tag="005">201207051734490</controlfield>
    <controlfield tag="008">120705|###########||||||b||||||||||spa|d</controlfield>
    <datafield tag="040" ind1=" " ind2=" ">
      <subfield code="c">SIUNPA</subfield>
    </datafield>
    <datafield tag="041" ind1=" " ind2=" ">
      <subfield code="a">spa</subfield>
    </datafield>
    <datafield tag="044" ind1=" " ind2=" ">
      <subfield code="a">ES</subfield>
    </datafield>
    <datafield tag="082" ind1=" " ind2=" ">
      <subfield code="a">378.4(460) U588c</subfield>
    </datafield>
    <datafield tag="110" ind1=" " ind2=" ">
      <subfield code="a">Universidad de Salamanca. Centro de Historia Universitaria Alfonso IX.</subfield>
    </datafield>
    <datafield tag="245" ind1=" " ind2=" ">
      <subfield code="a">Centro de Historia Universitaria Alfonso IX</subfield>
      <subfield code="b"> : Universidad de Salamanca. Siete años: 1997-2004</subfield>
    </datafield>
    <datafield tag="260" ind1=" " ind2=" ">
      <subfield code="a">Salamanca</subfield>
      <subfield code="b"> : Centro de Historia Universitaria Alfonso IX</subfield>
      <subfield code="c"> , 2004</subfield>
    </datafield>
    <datafield tag="300" ind1=" " ind2=" ">
      <subfield code="a">108 p. : </subfield>
      <subfield code="a">187 p. : </subfield>
      <subfield code="a">288 p. : </subfield>
      <subfield code="a">283 p. : </subfield>
      <subfield code="b">il. ; </subfield>
      <subfield code="a">281 p. : </subfield>
      <subfield code="a">202 p. : </subfield>
      <subfield code="b">il. ; </subfield>
      <subfield code="a">269 p. : </subfield>
      <subfield code="b">il. ; </subfield>
      <subfield code="a">332 p. : </subfield>
      <subfield code="b">il. ; </subfield>
      <subfield code="a">95 p. : </subfield>
      <subfield code="b">il. ; </subfield>
      <subfield code="a">583 p. : </subfield>
      <subfield code="b">il. ; </subfield>
      <subfield code="a">105 p. : </subfield>
      <subfield code="a">173 p. : </subfield>
      <subfield code="a">160 p. : </subfield>
      <subfield code="a">77 p. : </subfield>
      <subfield code="a">167 p. : </subfield>
      <subfield code="b">il. ; </subfield>
      <subfield code="a">xlv, 359 p. : </subfield>
      <subfield code="a">129 p. : </subfield>
      <subfield code="a">78 p. : </subfield>
      <subfield code="a">184 p. : </subfield>
      <subfield code="a">x, 393 p. : </subfield>
      <subfield code="a">125 p. : </subfield>
      <subfield code="a">199 p. : </subfield>
      <subfield code="a">2 v. : </subfield>
      <subfield code="a">187 p. : </subfield>
      <subfield code="b">il. ; </subfield>
      <subfield code="a">351 p. : </subfield>
      <subfield code="a">106 p. : </subfield>
      <subfield code="a">212 p. : </subfield>
      <subfield code="a">[44] p. : </subfield>
      <subfield code="a">105 p. : </subfield>
      <subfield code="a">191 p. : </subfield>
      <subfield code="a">47 p. : </subfield>
      <subfield code="a">187 p. : </subfield>
      <subfield code="b">il. ; </subfield>
      <subfield code="a">83 p. : </subfield>
      <subfield code="e">1 CD-ROM en bolsillo</subfield>
    </datafield>
    <datafield tag="942" ind1=" " ind2=" ">
      <subfield code="c">BK</subfield>
    </datafield>
    <datafield tag="952" ind1=" " ind2=" ">
      <subfield code="a">BIB_UASJ</subfield>
      <subfield code="b">BIB_UASJ</subfield>
      <subfield code="d">2012-07-05</subfield>
      <subfield code="y">BK</subfield>
      <subfield code="p">04-42809</subfield>
    </datafield>
  </record>