
  <record>
    <leader>01000aam  22002601a 4500</leader>
    <controlfield tag="001">YPZ95594</controlfield>
    <controlfield tag="003">YPZ</controlfield>
    <controlfield tag="005">201207101744360</controlfield>
    <controlfield tag="008">120710|###########||||||b||||||||||spa|d</controlfield>
    <datafield tag="040" ind1=" " ind2=" ">
      <subfield code="c">SIUNPA</subfield>
    </datafield>
    <datafield tag="041" ind1=" " ind2=" ">
      <subfield code="a">spa</subfield>
    </datafield>
    <datafield tag="044" ind1=" " ind2=" ">
      <subfield code="a">AR</subfield>
    </datafield>
    <datafield tag="082" ind1=" " ind2=" ">
      <subfield code="a">821.134.2(82) N169c</subfield>
    </datafield>
    <datafield tag="100" ind1=" " ind2=" ">
      <subfield code="a">Nalé Roxlo, Conrado.</subfield>
    </datafield>
    <datafield tag="245" ind1=" " ind2=" ">
      <subfield code="a">La cola de la sirena</subfield>
    </datafield>
    <datafield tag="260" ind1=" " ind2=" ">
      <subfield code="a">Buenos Aires</subfield>
      <subfield code="b"> : Centro Editor de América Latina</subfield>
      <subfield code="c"> , 1968</subfield>
    </datafield>
    <datafield tag="440" ind1=" " ind2=" ">
      <subfield code="a">Capítulo. Biblioteca argentina fundamental|El teatro argentino</subfield>
      <subfield code="v">52</subfield>
    </datafield>
    <datafield tag="490" ind1=" " ind2=" ">
      <subfield code="a">Capítulo. Biblioteca argentina fundamental|El teatro argentino</subfield>
      <subfield code="v">52</subfield>
    </datafield>
    <datafield tag="500" ind1=" " ind2=" ">
      <subfield code="a">Con: Temístocles en Salamina / Román Gómez Masía - Los de la mesa 10 / Osvaldo Dragún</subfield>
    </datafield>
    <datafield tag="505" ind1="0" ind2="0">
      <subfield code="g">p. 51-75</subfield>
      <subfield code="g">- LITERATURA ARGENTINA|-TEATRO ARGENTINO</subfield>
      <subfield code="r">Gómez Masía, Román</subfield>
      <subfield code="t">Temístocles en Salamina</subfield>
    </datafield>
    <datafield tag="505" ind1="0" ind2="0">
      <subfield code="g">p. 77-100</subfield>
      <subfield code="g">- LITERATURA ARGENTINA|-TEATRO ARGENTINO</subfield>
      <subfield code="r">Dragún, Osvaldo</subfield>
      <subfield code="t">Los de la mesa 10</subfield>
    </datafield>
    <datafield tag="773" ind1="0" ind2="#">
      <subfield code="a">Gómez Masía, Román</subfield>
      <subfield code="g">- LITERATURA ARGENTINA|-TEATRO ARGENTINO</subfield>
      <subfield code="h">p. 51-75</subfield>
      <subfield code="t">Temístocles en Salamina</subfield>
    </datafield>
    <datafield tag="773" ind1="0" ind2="#">
      <subfield code="a">Dragún, Osvaldo</subfield>
      <subfield code="g">- LITERATURA ARGENTINA|-TEATRO ARGENTINO</subfield>
      <subfield code="h">p. 77-100</subfield>
      <subfield code="t">Los de la mesa 10</subfield>
    </datafield>
    <datafield tag="942" ind1=" " ind2=" ">
      <subfield code="c">BK</subfield>
    </datafield>
    <datafield tag="952" ind1=" " ind2=" ">
      <subfield code="a">BIB_UARG</subfield>
      <subfield code="b">BIB_UARG</subfield>
      <subfield code="d">2012-07-01</subfield>
      <subfield code="y">BK</subfield>
      <subfield code="p">05-09989</subfield>
    </datafield>
    <datafield tag="952" ind1=" " ind2=" ">
      <subfield code="a">BIB_UARG</subfield>
      <subfield code="b">BIB_UARG</subfield>
      <subfield code="d">2014-03-18</subfield>
      <subfield code="y">BK</subfield>
      <subfield code="p">05-46085</subfield>
    </datafield>
  </record>