
  <record>
    <leader>01000aam  22002601a 4500</leader>
    <controlfield tag="001">YPZ95634</controlfield>
    <controlfield tag="003">YPZ</controlfield>
    <controlfield tag="005">201207301627350</controlfield>
    <controlfield tag="008">120730|###########||||||b||||||||||spa|d</controlfield>
    <datafield tag="020" ind1=" " ind2=" ">
      <subfield code="a">9701005899</subfield>
    </datafield>
    <datafield tag="040" ind1=" " ind2=" ">
      <subfield code="c">SIUNPA</subfield>
    </datafield>
    <datafield tag="041" ind1=" " ind2=" ">
      <subfield code="a">spa</subfield>
    </datafield>
    <datafield tag="044" ind1=" " ind2=" ">
      <subfield code="a">MX</subfield>
    </datafield>
    <datafield tag="082" ind1=" " ind2=" ">
      <subfield code="a">004.438 H149t</subfield>
    </datafield>
    <datafield tag="100" ind1=" " ind2=" ">
      <subfield code="a">Haiduk, H. Paul.</subfield>
    </datafield>
    <datafield tag="245" ind1=" " ind2=" ">
      <subfield code="a">Turbo Pascal orientado a objetos</subfield>
      <subfield code="c"> / Oviedo Galdeano, Mario, tr. ; Rodríguez Ocariz, Adrián, rev. técnica</subfield>
    </datafield>
    <datafield tag="260" ind1=" " ind2=" ">
      <subfield code="a">Naucalpan de Juárez</subfield>
      <subfield code="b"> : McGrawH-Hill</subfield>
      <subfield code="c"> , 1994</subfield>
    </datafield>
    <datafield tag="300" ind1=" " ind2=" ">
      <subfield code="a">133 p. : </subfield>
      <subfield code="b">il. ; </subfield>
      <subfield code="a">213 p. : </subfield>
      <subfield code="b">cuadros ; </subfield>
      <subfield code="a">109 p. : </subfield>
      <subfield code="a">50 p. : </subfield>
      <subfield code="a">181 p. : </subfield>
      <subfield code="a">77 p. : </subfield>
      <subfield code="a">319 p. : </subfield>
      <subfield code="b">il. ; </subfield>
      <subfield code="a">94 p. : </subfield>
      <subfield code="a">151 p. : </subfield>
      <subfield code="a">142 p. : </subfield>
      <subfield code="a">153 p. : </subfield>
      <subfield code="a">75 p. : </subfield>
      <subfield code="a">117 p. : </subfield>
      <subfield code="a">100 p. : </subfield>
      <subfield code="a">191 p. : </subfield>
      <subfield code="a">382 p. : </subfield>
      <subfield code="a">133 p. : </subfield>
      <subfield code="a">115 p. : </subfield>
      <subfield code="a">76 p. : </subfield>
      <subfield code="a">94 p. : </subfield>
      <subfield code="a">160 p. : </subfield>
      <subfield code="a">96 p. : </subfield>
      <subfield code="a">113  p. : </subfield>
      <subfield code="a">92 p. : </subfield>
      <subfield code="a">154 p. : </subfield>
      <subfield code="a">183 p. : </subfield>
      <subfield code="a">119 p. : </subfield>
      <subfield code="a">175 p. : </subfield>
      <subfield code="b">il. ; </subfield>
      <subfield code="a">92 p. : </subfield>
      <subfield code="a">149 p. : </subfield>
      <subfield code="a">127 p. : </subfield>
      <subfield code="a">95 p. : </subfield>
      <subfield code="a">298 p. : </subfield>
      <subfield code="b">il. ; </subfield>
      <subfield code="a">95 p. : </subfield>
      <subfield code="a">107 p. : </subfield>
      <subfield code="a">107 p. : </subfield>
      <subfield code="a">4 v. : </subfield>
      <subfield code="a">230 p. : </subfield>
      <subfield code="a">116 p. : </subfield>
      <subfield code="a">v. : </subfield>
      <subfield code="a">54 p. : </subfield>
      <subfield code="b">il. ; </subfield>
      <subfield code="a">106 p. : </subfield>
      <subfield code="a">116 p. : </subfield>
      <subfield code="a">152 p. : </subfield>
      <subfield code="a">196 p. : </subfield>
      <subfield code="b">il. ; </subfield>
      <subfield code="a">87 p. : </subfield>
      <subfield code="b">il. ; </subfield>
      <subfield code="a">v, 444 p. : </subfield>
      <subfield code="b">il. ; </subfield>
      <subfield code="a">285 p. : </subfield>
      <subfield code="b">il. ; </subfield>
      <subfield code="a">158 p. : </subfield>
      <subfield code="b">il. ; </subfield>
      <subfield code="a">191 p. : </subfield>
      <subfield code="b">il. ; </subfield>
      <subfield code="a">xxx, 786 p. : </subfield>
      <subfield code="b">il. ; </subfield>
      <subfield code="a">xviii, 297 p. : </subfield>
      <subfield code="b">il. ; </subfield>
      <subfield code="a">xxviii, 676 p. : </subfield>
      <subfield code="e">1 disquete (5¼) en bolsillo</subfield>
    </datafield>
    <datafield tag="942" ind1=" " ind2=" ">
      <subfield code="c">BK</subfield>
    </datafield>
    <datafield tag="952" ind1=" " ind2=" ">
      <subfield code="a">BIB_UACO</subfield>
      <subfield code="b">BIB_UACO</subfield>
      <subfield code="d">2012-07-04</subfield>
      <subfield code="y">BK</subfield>
      <subfield code="p">02-03505</subfield>
    </datafield>
  </record>