
  <record>
    <leader>01000aam  22002601a 4500</leader>
    <controlfield tag="001">YPZ95652</controlfield>
    <controlfield tag="003">YPZ</controlfield>
    <controlfield tag="005">201208011457210</controlfield>
    <controlfield tag="008">120801|###########||||||b||||||||||spa|d</controlfield>
    <datafield tag="020" ind1=" " ind2=" ">
      <subfield code="a">950439102</subfield>
    </datafield>
    <datafield tag="040" ind1=" " ind2=" ">
      <subfield code="c">SIUNPA</subfield>
    </datafield>
    <datafield tag="041" ind1=" " ind2=" ">
      <subfield code="a">spa</subfield>
    </datafield>
    <datafield tag="044" ind1=" " ind2=" ">
      <subfield code="a">AR</subfield>
    </datafield>
    <datafield tag="082" ind1=" " ind2=" ">
      <subfield code="a">637.5 B624c</subfield>
    </datafield>
    <datafield tag="100" ind1=" " ind2=" ">
      <subfield code="a">Bitsch, Adrián.</subfield>
    </datafield>
    <datafield tag="245" ind1=" " ind2=" ">
      <subfield code="a">La carne</subfield>
      <subfield code="b"> : estilos argentinos</subfield>
    </datafield>
    <datafield tag="260" ind1=" " ind2=" ">
      <subfield code="a">Río Grande</subfield>
      <subfield code="b"> : A. Bitsch, ed.</subfield>
      <subfield code="c"> , 1995</subfield>
    </datafield>
    <datafield tag="440" ind1=" " ind2=" ">
      <subfield code="a">Introducción a la Historia del Arte</subfield>
      <subfield code="a">Introducción a la Historia del Arte</subfield>
      <subfield code="a">Colección punto y línea</subfield>
      <subfield code="a">Crítica y estudios literarios</subfield>
      <subfield code="a">Colección punto y línea</subfield>
      <subfield code="a">Colección punto y línea</subfield>
      <subfield code="a">Serie McGraw-Hill de divulgación científica</subfield>
      <subfield code="a">Serie McGraw-Hill de management</subfield>
      <subfield code="a">Guía avanzada de técnicas agropecuarias</subfield>
      <subfield code="v">3</subfield>
    </datafield>
    <datafield tag="490" ind1=" " ind2=" ">
      <subfield code="a">Introducción a la Historia del Arte</subfield>
      <subfield code="a">Introducción a la Historia del Arte</subfield>
      <subfield code="a">Colección punto y línea</subfield>
      <subfield code="a">Crítica y estudios literarios</subfield>
      <subfield code="a">Colección punto y línea</subfield>
      <subfield code="a">Colección punto y línea</subfield>
      <subfield code="a">Serie McGraw-Hill de divulgación científica</subfield>
      <subfield code="a">Serie McGraw-Hill de management</subfield>
      <subfield code="a">Guía avanzada de técnicas agropecuarias</subfield>
      <subfield code="v">3</subfield>
    </datafield>
    <datafield tag="942" ind1=" " ind2=" ">
      <subfield code="c">BK</subfield>
    </datafield>
    <datafield tag="952" ind1=" " ind2=" ">
      <subfield code="a">BIB_UARG</subfield>
      <subfield code="b">BIB_UARG</subfield>
      <subfield code="d">2012-08-01</subfield>
      <subfield code="y">BK</subfield>
      <subfield code="p">05-09433</subfield>
    </datafield>
  </record>