
  <record>
    <leader>01000aam  22002601a 4500</leader>
    <controlfield tag="001">YPZ95680</controlfield>
    <controlfield tag="003">YPZ</controlfield>
    <controlfield tag="005">201208031454220</controlfield>
    <controlfield tag="008">120803|###########||||||b||||||||||spa|d</controlfield>
    <datafield tag="020" ind1=" " ind2=" ">
      <subfield code="a">8425206529</subfield>
    </datafield>
    <datafield tag="040" ind1=" " ind2=" ">
      <subfield code="c">SIUNPA</subfield>
    </datafield>
    <datafield tag="041" ind1=" " ind2=" ">
      <subfield code="a">spa</subfield>
    </datafield>
    <datafield tag="044" ind1=" " ind2=" ">
      <subfield code="a">ES</subfield>
    </datafield>
    <datafield tag="082" ind1=" " ind2=" ">
      <subfield code="a">316.77 C386h</subfield>
    </datafield>
    <datafield tag="100" ind1=" " ind2=" ">
      <subfield code="a">Cazeneuve, Jean.</subfield>
    </datafield>
    <datafield tag="245" ind1=" " ind2=" ">
      <subfield code="a">El hombre telespectador</subfield>
      <subfield code="b"> : (homo telespectator)</subfield>
    </datafield>
    <datafield tag="260" ind1=" " ind2=" ">
      <subfield code="a">Barcelona</subfield>
      <subfield code="b"> : Gustavo Gili</subfield>
      <subfield code="c"> , 1977</subfield>
    </datafield>
    <datafield tag="942" ind1=" " ind2=" ">
      <subfield code="c">BK</subfield>
    </datafield>
    <datafield tag="952" ind1=" " ind2=" ">
      <subfield code="a">BIB_UARG</subfield>
      <subfield code="b">BIB_UARG</subfield>
      <subfield code="d">2012-07-03</subfield>
      <subfield code="y">BK</subfield>
      <subfield code="p">05-08444</subfield>
    </datafield>
  </record>