
  <record>
    <leader>01000aam  22002601a 4500</leader>
    <controlfield tag="001">YPZ95683</controlfield>
    <controlfield tag="003">YPZ</controlfield>
    <controlfield tag="005">201208031654230</controlfield>
    <controlfield tag="008">120803|###########||||||b||||||||||spa|d</controlfield>
    <datafield tag="040" ind1=" " ind2=" ">
      <subfield code="c">SIUNPA</subfield>
    </datafield>
    <datafield tag="041" ind1=" " ind2=" ">
      <subfield code="a">spa</subfield>
    </datafield>
    <datafield tag="044" ind1=" " ind2=" ">
      <subfield code="a">ES</subfield>
    </datafield>
    <datafield tag="082" ind1=" " ind2=" ">
      <subfield code="a">581.526.32 B523v</subfield>
    </datafield>
    <datafield tag="100" ind1=" " ind2=" ">
      <subfield code="a">Bernardi, Gianini.</subfield>
    </datafield>
    <datafield tag="700" ind1=" " ind2=" ">
      <subfield code="a">Diani, Giancarlo.</subfield>
    </datafield>
    <datafield tag="245" ind1=" " ind2=" ">
      <subfield code="a">Vegetación acuática</subfield>
      <subfield code="b"> : identificación y métodos de lucha. Tratados de especialización agrícola</subfield>
      <subfield code="c"> / Pujades, Juan, tr.</subfield>
    </datafield>
    <datafield tag="250" ind1=" " ind2=" ">
      <subfield code="a">1a ed.</subfield>
    </datafield>
    <datafield tag="260" ind1=" " ind2=" ">
      <subfield code="a">Barcelona</subfield>
      <subfield code="b"> : Oikos-tau</subfield>
      <subfield code="c"> , 1971</subfield>
    </datafield>
    <datafield tag="440" ind1=" " ind2=" ">
      <subfield code="a">Colección punto y línea</subfield>
      <subfield code="a">Colección punto y línea</subfield>
      <subfield code="a">Colección punto y línea</subfield>
      <subfield code="a">Colección punto y línea</subfield>
      <subfield code="a">Tratados de especialización agrícola</subfield>
      <subfield code="v">no. 5</subfield>
    </datafield>
    <datafield tag="490" ind1=" " ind2=" ">
      <subfield code="a">Colección punto y línea</subfield>
      <subfield code="a">Colección punto y línea</subfield>
      <subfield code="a">Colección punto y línea</subfield>
      <subfield code="a">Colección punto y línea</subfield>
      <subfield code="a">Tratados de especialización agrícola</subfield>
      <subfield code="v">no. 5</subfield>
    </datafield>
    <datafield tag="942" ind1=" " ind2=" ">
      <subfield code="c">BK</subfield>
    </datafield>
    <datafield tag="952" ind1=" " ind2=" ">
      <subfield code="a">BIB_UARG</subfield>
      <subfield code="b">BIB_UARG</subfield>
      <subfield code="d">2012-08-03</subfield>
      <subfield code="y">BK</subfield>
      <subfield code="p">05-09484</subfield>
    </datafield>
  </record>