
  <record>
    <leader>01000aam  22002601a 4500</leader>
    <controlfield tag="001">YPZ95684</controlfield>
    <controlfield tag="003">YPZ</controlfield>
    <controlfield tag="005">201208031717500</controlfield>
    <controlfield tag="008">120803|###########||||||b||||||||||spa|d</controlfield>
    <datafield tag="020" ind1=" " ind2=" ">
      <subfield code="a">9507370966</subfield>
    </datafield>
    <datafield tag="040" ind1=" " ind2=" ">
      <subfield code="c">SIUNPA</subfield>
    </datafield>
    <datafield tag="041" ind1=" " ind2=" ">
      <subfield code="a">spa</subfield>
    </datafield>
    <datafield tag="044" ind1=" " ind2=" ">
      <subfield code="a">AR</subfield>
    </datafield>
    <datafield tag="082" ind1=" " ind2=" ">
      <subfield code="a">821.134.2(82) M171t</subfield>
    </datafield>
    <datafield tag="100" ind1=" " ind2=" ">
      <subfield code="a">Zangaro, Patricia.</subfield>
    </datafield>
    <datafield tag="110" ind1=" " ind2=" ">
      <subfield code="a">Los Macocos (Grupo Teatral, Buenos Aires).</subfield>
    </datafield>
    <datafield tag="245" ind1=" " ind2=" ">
      <subfield code="a">Teatro '90</subfield>
      <subfield code="b"> : el nuevo teatro en Buenos Aires</subfield>
      <subfield code="c"> / Dubatti, Jorge, recopilación y banda</subfield>
    </datafield>
    <datafield tag="260" ind1=" " ind2=" ">
      <subfield code="a">Buenos Aires</subfield>
      <subfield code="b"> : Libros del Quirquincho</subfield>
      <subfield code="c"> , 1992</subfield>
    </datafield>
    <datafield tag="505" ind1="0" ind2="0">
      <subfield code="g">p. 5-34</subfield>
      <subfield code="g">- TEATRO ARGENTINO</subfield>
      <subfield code="r">Los Macocos (Grupo Teatral, Buenos Aires)</subfield>
      <subfield code="t">Adiós y buena suerte</subfield>
    </datafield>
    <datafield tag="505" ind1="0" ind2="0">
      <subfield code="g">p. 35-76</subfield>
      <subfield code="g">- TEATRO ARGENTINO</subfield>
      <subfield code="r">Zangaro,  Patricia</subfield>
      <subfield code="t">Pascua rea</subfield>
    </datafield>
    <datafield tag="773" ind1="0" ind2="#">
      <subfield code="a">Los Macocos (Grupo Teatral, Buenos Aires)</subfield>
      <subfield code="g">- TEATRO ARGENTINO</subfield>
      <subfield code="h">p. 5-34</subfield>
      <subfield code="t">Adiós y buena suerte</subfield>
    </datafield>
    <datafield tag="773" ind1="0" ind2="#">
      <subfield code="a">Zangaro,  Patricia</subfield>
      <subfield code="g">- TEATRO ARGENTINO</subfield>
      <subfield code="h">p. 35-76</subfield>
      <subfield code="t">Pascua rea</subfield>
    </datafield>
    <datafield tag="942" ind1=" " ind2=" ">
      <subfield code="c">BK</subfield>
    </datafield>
    <datafield tag="952" ind1=" " ind2=" ">
      <subfield code="a">BIB_UARG</subfield>
      <subfield code="b">BIB_UARG</subfield>
      <subfield code="d">2012-07-03</subfield>
      <subfield code="y">BK</subfield>
      <subfield code="p">05-08502</subfield>
    </datafield>
  </record>