
  <record>
    <leader>01000aam  22002601a 4500</leader>
    <controlfield tag="001">YPZ95728</controlfield>
    <controlfield tag="003">YPZ</controlfield>
    <controlfield tag="005">201208091427420</controlfield>
    <controlfield tag="008">120809|###########||||||b||||||||||spa|d</controlfield>
    <datafield tag="020" ind1=" " ind2=" ">
      <subfield code="a">8449302595</subfield>
    </datafield>
    <datafield tag="040" ind1=" " ind2=" ">
      <subfield code="c">SIUNPA</subfield>
    </datafield>
    <datafield tag="041" ind1=" " ind2=" ">
      <subfield code="a">spa</subfield>
    </datafield>
    <datafield tag="044" ind1=" " ind2=" ">
      <subfield code="a">ES</subfield>
    </datafield>
    <datafield tag="082" ind1=" " ind2=" ">
      <subfield code="a">004.55 T314t</subfield>
    </datafield>
    <datafield tag="245" ind1=" " ind2=" ">
      <subfield code="a">Teoría del hipertexto</subfield>
      <subfield code="c"> / Landow, George P., comp. ; Ducher, Patrick, tr.</subfield>
    </datafield>
    <datafield tag="250" ind1=" " ind2=" ">
      <subfield code="a">1a ed.</subfield>
    </datafield>
    <datafield tag="260" ind1=" " ind2=" ">
      <subfield code="a">Barcelona</subfield>
      <subfield code="b"> : Paidós</subfield>
      <subfield code="c"> , 1997</subfield>
    </datafield>
    <datafield tag="440" ind1=" " ind2=" ">
      <subfield code="a">Paidós multimedia</subfield>
      <subfield code="v">4</subfield>
    </datafield>
    <datafield tag="490" ind1=" " ind2=" ">
      <subfield code="a">Paidós multimedia</subfield>
      <subfield code="v">4</subfield>
    </datafield>
    <datafield tag="942" ind1=" " ind2=" ">
      <subfield code="c">BK</subfield>
    </datafield>
    <datafield tag="952" ind1=" " ind2=" ">
      <subfield code="a">BIB_UACO</subfield>
      <subfield code="b">BIB_UACO</subfield>
      <subfield code="d">2012-07-10</subfield>
      <subfield code="y">BK</subfield>
      <subfield code="p">02-42824</subfield>
    </datafield>
    <datafield tag="952" ind1=" " ind2=" ">
      <subfield code="a">BIB_UARG</subfield>
      <subfield code="b">BIB_UARG</subfield>
      <subfield code="d">2012-07-10</subfield>
      <subfield code="y">BK</subfield>
      <subfield code="p">05-16363</subfield>
    </datafield>
  </record>