
  <record>
    <leader>01000aam  22002601a 4500</leader>
    <controlfield tag="001">YPZ95736</controlfield>
    <controlfield tag="003">YPZ</controlfield>
    <controlfield tag="005">201208091634180</controlfield>
    <controlfield tag="008">120809|###########||||||b||||||||||spa|d</controlfield>
    <datafield tag="020" ind1=" " ind2=" ">
      <subfield code="a">8434428512</subfield>
    </datafield>
    <datafield tag="040" ind1=" " ind2=" ">
      <subfield code="c">SIUNPA</subfield>
    </datafield>
    <datafield tag="041" ind1=" " ind2=" ">
      <subfield code="a">spa</subfield>
    </datafield>
    <datafield tag="044" ind1=" " ind2=" ">
      <subfield code="a">AR</subfield>
    </datafield>
    <datafield tag="082" ind1=" " ind2=" ">
      <subfield code="a">811.134.2'27 E968e</subfield>
    </datafield>
    <datafield tag="100" ind1=" " ind2=" ">
      <subfield code="a">Alcoba Rueda, Santiago.</subfield>
    </datafield>
    <datafield tag="700" ind1=" " ind2=" ">
      <subfield code="a">Aguilar Cuevas, Lourdes.</subfield>
    </datafield>
    <datafield tag="700" ind1=" " ind2=" ">
      <subfield code="a">Luque Mendoza, Susana.</subfield>
    </datafield>
    <datafield tag="700" ind1=" " ind2=" ">
      <subfield code="a">Machuca Ayuso, María Jesús.</subfield>
    </datafield>
    <datafield tag="245" ind1=" " ind2=" ">
      <subfield code="a">La expresión oral</subfield>
      <subfield code="c"> / Alcoba Rueda, Santiago, coord.</subfield>
    </datafield>
    <datafield tag="250" ind1=" " ind2=" ">
      <subfield code="a">1a ed.</subfield>
    </datafield>
    <datafield tag="260" ind1=" " ind2=" ">
      <subfield code="a">Barcelona</subfield>
      <subfield code="b"> : Ariel</subfield>
      <subfield code="c"> , 2000</subfield>
    </datafield>
    <datafield tag="300" ind1=" " ind2=" ">
      <subfield code="a">2 v. : </subfield>
      <subfield code="a">175 p. : </subfield>
      <subfield code="b">il. ; </subfield>
      <subfield code="a">117 p. : </subfield>
      <subfield code="a">277 p. : </subfield>
      <subfield code="a">xiii, 478 p. : </subfield>
      <subfield code="a">323  p. : </subfield>
      <subfield code="b">il. ; </subfield>
      <subfield code="a">477 p. : </subfield>
      <subfield code="b">il. ; </subfield>
      <subfield code="a">377 p. : </subfield>
      <subfield code="b">il. ; </subfield>
      <subfield code="a">92 p. : </subfield>
      <subfield code="b">il. ; </subfield>
      <subfield code="a">140 p. : </subfield>
      <subfield code="b">il. ; </subfield>
      <subfield code="a">213 p. : </subfield>
      <subfield code="b">il. ; </subfield>
      <subfield code="a">268 p. : </subfield>
      <subfield code="b">il. ; </subfield>
      <subfield code="a">96 p. : </subfield>
      <subfield code="b">il. ; </subfield>
      <subfield code="a">185 p. : </subfield>
      <subfield code="b">il. ; </subfield>
      <subfield code="a">300 p. : </subfield>
      <subfield code="b">il. ; </subfield>
      <subfield code="a">x, 231 p. : </subfield>
      <subfield code="b">il. ; </subfield>
      <subfield code="a">xiii, 105 p. : </subfield>
      <subfield code="b">il. ; </subfield>
      <subfield code="a">118 p. : </subfield>
      <subfield code="b">il. ; </subfield>
      <subfield code="a">125 p. : </subfield>
      <subfield code="a">x, 212 p. : </subfield>
      <subfield code="b">il. ; </subfield>
      <subfield code="a">201 p. : </subfield>
      <subfield code="b">il. ; </subfield>
      <subfield code="a">96 p. : </subfield>
      <subfield code="a">231 p. : </subfield>
      <subfield code="a">199 p. : </subfield>
      <subfield code="b">il. ; </subfield>
      <subfield code="a">144 p. : </subfield>
      <subfield code="a">xiv, 313 p. : </subfield>
      <subfield code="b">il. ; </subfield>
      <subfield code="a">186 p. : </subfield>
      <subfield code="a">269 p. : </subfield>
      <subfield code="a">236 p. : </subfield>
      <subfield code="a">xv, 773 p. : </subfield>
      <subfield code="b">il. ; </subfield>
      <subfield code="a">xvi, 655 p. : </subfield>
      <subfield code="b">il. ; </subfield>
      <subfield code="a">xxiv, 270 p. : </subfield>
      <subfield code="b">il. ; </subfield>
      <subfield code="a">884 p. : </subfield>
      <subfield code="b">il. ; </subfield>
      <subfield code="a">xxiv, 723 p. : </subfield>
      <subfield code="b">il. ; </subfield>
      <subfield code="a">xix, 442 p. : </subfield>
      <subfield code="b">il. ; </subfield>
      <subfield code="a">xxv, 332 p. : </subfield>
      <subfield code="b">il. ; </subfield>
      <subfield code="a">xxii, 623 p. : </subfield>
      <subfield code="b">il. ; </subfield>
      <subfield code="a">72 p. : </subfield>
      <subfield code="a">331 p. : </subfield>
      <subfield code="a">80 p. : </subfield>
      <subfield code="b">il. ; </subfield>
      <subfield code="a">97 p. : </subfield>
      <subfield code="b">il. ; </subfield>
      <subfield code="a">231 p. : </subfield>
      <subfield code="b">il. ; </subfield>
      <subfield code="a">151 p. : </subfield>
      <subfield code="a">148 p. : </subfield>
      <subfield code="a">173 p. : </subfield>
      <subfield code="b">il. ; </subfield>
      <subfield code="a">77 p. : </subfield>
      <subfield code="b">il. ; </subfield>
      <subfield code="a">140 p. : </subfield>
      <subfield code="b">il. ; </subfield>
      <subfield code="a">2 v. : </subfield>
      <subfield code="a">157 p. : </subfield>
      <subfield code="a">186 p. : </subfield>
      <subfield code="a">193 p. : </subfield>
      <subfield code="a">2 v. : </subfield>
      <subfield code="a">119 p. : </subfield>
      <subfield code="a">203 p. : </subfield>
      <subfield code="a">165 p. : </subfield>
      <subfield code="a">2 v. : </subfield>
      <subfield code="a">115 p. : </subfield>
      <subfield code="a">92 p. : </subfield>
      <subfield code="a">190 p. : </subfield>
      <subfield code="a">139 p. : </subfield>
      <subfield code="a">157 p. : </subfield>
      <subfield code="a">159 p. : </subfield>
      <subfield code="a">126 p. : </subfield>
      <subfield code="a">136 p. : </subfield>
      <subfield code="a">122 p. : </subfield>
      <subfield code="a">145 p. : </subfield>
      <subfield code="a">149 p. : </subfield>
      <subfield code="a">138 p. : </subfield>
      <subfield code="a">124 p. : </subfield>
      <subfield code="a">103 p. : </subfield>
      <subfield code="a">140 p. : </subfield>
      <subfield code="a">119 p. : </subfield>
      <subfield code="a">117 p. : </subfield>
      <subfield code="a">126 p. : </subfield>
      <subfield code="a">119 p. : </subfield>
      <subfield code="a">118 p. : </subfield>
      <subfield code="a">173 p. : </subfield>
      <subfield code="a">185 p. : </subfield>
      <subfield code="a">87 p. : </subfield>
      <subfield code="b">il. ; </subfield>
      <subfield code="a">119 p. : </subfield>
      <subfield code="a">147 p. : </subfield>
      <subfield code="a">115 p. : </subfield>
      <subfield code="a">116 p. : </subfield>
      <subfield code="a">2 v. : </subfield>
      <subfield code="a">164 p. : </subfield>
      <subfield code="a">88 p. : </subfield>
      <subfield code="a">118 p. : </subfield>
      <subfield code="a">168 p. : </subfield>
      <subfield code="a">2 v. : </subfield>
      <subfield code="a">424 p. : </subfield>
      <subfield code="b">il. ; </subfield>
      <subfield code="a">363 p. : </subfield>
      <subfield code="b">il. ; </subfield>
      <subfield code="a">158 p. : </subfield>
      <subfield code="b">il. ; </subfield>
      <subfield code="a">459 p. : </subfield>
      <subfield code="a">350 p. : </subfield>
      <subfield code="a">123 p. : </subfield>
      <subfield code="b">il. ; </subfield>
      <subfield code="a">163 p. : </subfield>
      <subfield code="b">il. ; </subfield>
      <subfield code="a">203 p. : </subfield>
      <subfield code="e">1 CD-ROM en bolsillo</subfield>
    </datafield>
    <datafield tag="942" ind1=" " ind2=" ">
      <subfield code="c">BK</subfield>
    </datafield>
    <datafield tag="952" ind1=" " ind2=" ">
      <subfield code="a">BIB_UACO</subfield>
      <subfield code="b">BIB_UACO</subfield>
      <subfield code="d">2012-07-10</subfield>
      <subfield code="y">BK</subfield>
      <subfield code="p">02-42817</subfield>
    </datafield>
  </record>