
  <record>
    <leader>01000aam  22002601a 4500</leader>
    <controlfield tag="001">YPZ95741</controlfield>
    <controlfield tag="003">YPZ</controlfield>
    <controlfield tag="005">201208091857570</controlfield>
    <controlfield tag="008">120809|###########||||||b||||||||||spa|d</controlfield>
    <datafield tag="040" ind1=" " ind2=" ">
      <subfield code="c">SIUNPA</subfield>
    </datafield>
    <datafield tag="041" ind1=" " ind2=" ">
      <subfield code="a">spa</subfield>
    </datafield>
    <datafield tag="044" ind1=" " ind2=" ">
      <subfield code="a">CL</subfield>
    </datafield>
    <datafield tag="082" ind1=" " ind2=" ">
      <subfield code="a">338.1 S471e</subfield>
    </datafield>
    <datafield tag="110" ind1=" " ind2=" ">
      <subfield code="a">Seminario sobre Estrategias Nacionales de Desarrollo Regional (1979 : Bogotá).</subfield>
    </datafield>
    <datafield tag="710" ind1=" " ind2=" ">
      <subfield code="a">Comisión Económica para América Latina, CEPAL, org..</subfield>
    </datafield>
    <datafield tag="710" ind1=" " ind2=" ">
      <subfield code="a">Instituto Latinoamericano de Planificación Económica y Social, ILPES, org..</subfield>
    </datafield>
    <datafield tag="710" ind1=" " ind2=" ">
      <subfield code="a">Sociedad Interamericana de Planificación, org..</subfield>
    </datafield>
    <datafield tag="245" ind1=" " ind2=" ">
      <subfield code="a">Experiencias de planificación regional en América Latina</subfield>
      <subfield code="b"> : una teoría en busca de una práctica</subfield>
      <subfield code="c"> / Boisier, Sergio, comp. ; Cepeda, F., comp. ; Hilhorst, J, comp. ; Riffka, S., comp. ; Uribe-Echeverría, F., comp.</subfield>
    </datafield>
    <datafield tag="250" ind1=" " ind2=" ">
      <subfield code="a">1a ed.</subfield>
    </datafield>
    <datafield tag="260" ind1=" " ind2=" ">
      <subfield code="a">Santiago de Chile</subfield>
      <subfield code="b"> : Comisión Económica para América Latina, CEPAL</subfield>
      <subfield code="c"> , 1981</subfield>
    </datafield>
    <datafield tag="942" ind1=" " ind2=" ">
      <subfield code="c">BK</subfield>
    </datafield>
    <datafield tag="952" ind1=" " ind2=" ">
      <subfield code="a">BIB_UARG</subfield>
      <subfield code="b">BIB_UARG</subfield>
      <subfield code="d">2012-08-09</subfield>
      <subfield code="y">BK</subfield>
      <subfield code="p">05-08121</subfield>
    </datafield>
  </record>