
  <record>
    <leader>01000aam  22002601a 4500</leader>
    <controlfield tag="001">YPZ95744</controlfield>
    <controlfield tag="003">YPZ</controlfield>
    <controlfield tag="005">201208101528250</controlfield>
    <controlfield tag="008">120810|###########||||||b||||||||||spa|d</controlfield>
    <datafield tag="020" ind1=" " ind2=" ">
      <subfield code="a">9505821077</subfield>
    </datafield>
    <datafield tag="040" ind1=" " ind2=" ">
      <subfield code="c">SIUNPA</subfield>
    </datafield>
    <datafield tag="041" ind1=" " ind2=" ">
      <subfield code="a">spa</subfield>
    </datafield>
    <datafield tag="044" ind1=" " ind2=" ">
      <subfield code="a">AR</subfield>
    </datafield>
    <datafield tag="082" ind1=" " ind2=" ">
      <subfield code="a">364.042 E776p</subfield>
    </datafield>
    <datafield tag="100" ind1=" " ind2=" ">
      <subfield code="a">Espinoza Vergara, Mario.</subfield>
    </datafield>
    <datafield tag="245" ind1=" " ind2=" ">
      <subfield code="a">Programación</subfield>
      <subfield code="b"> : elementos de programación para trabajadores sociales</subfield>
    </datafield>
    <datafield tag="260" ind1=" " ind2=" ">
      <subfield code="a">Buenos Aires</subfield>
      <subfield code="b"> : Hvmanitas</subfield>
      <subfield code="c"> , 1989</subfield>
    </datafield>
    <datafield tag="500" ind1=" " ind2=" ">
      <subfield code="a">Subtít. de cub.: Manual para trabajadores sociales</subfield>
    </datafield>
    <datafield tag="942" ind1=" " ind2=" ">
      <subfield code="c">BK</subfield>
    </datafield>
    <datafield tag="952" ind1=" " ind2=" ">
      <subfield code="a">BIB_UARG</subfield>
      <subfield code="b">BIB_UARG</subfield>
      <subfield code="d">2012-07-06</subfield>
      <subfield code="y">BK</subfield>
      <subfield code="p">05-07140</subfield>
    </datafield>
  </record>