
  <record>
    <leader>01000aam  22002601a 4500</leader>
    <controlfield tag="001">YPZ95791</controlfield>
    <controlfield tag="003">YPZ</controlfield>
    <controlfield tag="005">201208151731160</controlfield>
    <controlfield tag="008">120815|###########||||||b||||||||||spa|d</controlfield>
    <datafield tag="020" ind1=" " ind2=" ">
      <subfield code="a">9502520998</subfield>
    </datafield>
    <datafield tag="040" ind1=" " ind2=" ">
      <subfield code="c">SIUNPA</subfield>
    </datafield>
    <datafield tag="041" ind1=" " ind2=" ">
      <subfield code="a">spa</subfield>
    </datafield>
    <datafield tag="044" ind1=" " ind2=" ">
      <subfield code="a">AR</subfield>
    </datafield>
    <datafield tag="082" ind1=" " ind2=" ">
      <subfield code="a">371.4 M342m</subfield>
    </datafield>
    <datafield tag="100" ind1=" " ind2=" ">
      <subfield code="a">Mariscal, Enrique.</subfield>
    </datafield>
    <datafield tag="245" ind1=" " ind2=" ">
      <subfield code="a">María Montessori</subfield>
    </datafield>
    <datafield tag="260" ind1=" " ind2=" ">
      <subfield code="a">Buenos Aires</subfield>
      <subfield code="b"> : Centro Editor de América Latina</subfield>
      <subfield code="c"> , 1992</subfield>
    </datafield>
    <datafield tag="440" ind1=" " ind2=" ">
      <subfield code="a">Cristal del tiempo</subfield>
      <subfield code="a">Guidance</subfield>
      <subfield code="a">Colección desarrollo social</subfield>
      <subfield code="a">Colección desarrollo social</subfield>
      <subfield code="a">Colección ensayos / Eudeba</subfield>
      <subfield code="a">Los fundamentos de las ciencias del hombre</subfield>
      <subfield code="v">75</subfield>
    </datafield>
    <datafield tag="490" ind1=" " ind2=" ">
      <subfield code="a">Cristal del tiempo</subfield>
      <subfield code="a">Guidance</subfield>
      <subfield code="a">Colección desarrollo social</subfield>
      <subfield code="a">Colección desarrollo social</subfield>
      <subfield code="a">Colección ensayos / Eudeba</subfield>
      <subfield code="a">Los fundamentos de las ciencias del hombre</subfield>
      <subfield code="v">75</subfield>
    </datafield>
    <datafield tag="942" ind1=" " ind2=" ">
      <subfield code="c">BK</subfield>
    </datafield>
    <datafield tag="952" ind1=" " ind2=" ">
      <subfield code="a">BIB_UARG</subfield>
      <subfield code="b">BIB_UARG</subfield>
      <subfield code="d">2012-07-07</subfield>
      <subfield code="y">BK</subfield>
      <subfield code="p">05-08274</subfield>
    </datafield>
  </record>