
  <record>
    <leader>01000aam  22002601a 4500</leader>
    <controlfield tag="001">YPZ95798</controlfield>
    <controlfield tag="003">YPZ</controlfield>
    <controlfield tag="005">201208161549220</controlfield>
    <controlfield tag="008">120816|###########||||||b||||||||||spa|d</controlfield>
    <datafield tag="020" ind1=" " ind2=" ">
      <subfield code="a">9788415169048</subfield>
    </datafield>
    <datafield tag="040" ind1=" " ind2=" ">
      <subfield code="c">SIUNPA</subfield>
    </datafield>
    <datafield tag="041" ind1=" " ind2=" ">
      <subfield code="a">spa</subfield>
    </datafield>
    <datafield tag="044" ind1=" " ind2=" ">
      <subfield code="a">ES</subfield>
    </datafield>
    <datafield tag="082" ind1=" " ind2=" ">
      <subfield code="a">616.89 W872i2</subfield>
    </datafield>
    <datafield tag="100" ind1=" " ind2=" ">
      <subfield code="a">Womble, Donna M..</subfield>
    </datafield>
    <datafield tag="245" ind1=" " ind2=" ">
      <subfield code="a">Introducción a la enfermería de la salud mental</subfield>
      <subfield code="b"> : 2ª edición</subfield>
      <subfield code="c"> / Codony Bodas, Miquel, tr. ; Pérez Pazos, Tomás, tr. ; Lleixá-Fortuño, Mar, rev. científica ; Albacar-Riobóo, Núria, rev. científica</subfield>
    </datafield>
    <datafield tag="260" ind1=" " ind2=" ">
      <subfield code="a">Barcelona</subfield>
      <subfield code="b"/>
      <subfield code="c"> , 2012</subfield>
    </datafield>
    <datafield tag="942" ind1=" " ind2=" ">
      <subfield code="c">BK</subfield>
    </datafield>
    <datafield tag="952" ind1=" " ind2=" ">
      <subfield code="a">BIB_UASJ</subfield>
      <subfield code="b">BIB_UASJ</subfield>
      <subfield code="d">2012-08-16</subfield>
      <subfield code="y">BK</subfield>
      <subfield code="p">04-42884</subfield>
    </datafield>
    <datafield tag="952" ind1=" " ind2=" ">
      <subfield code="a">BIB_UASJ</subfield>
      <subfield code="b">BIB_UASJ</subfield>
      <subfield code="d">2012-08-16</subfield>
      <subfield code="y">BK</subfield>
      <subfield code="p">04-42885</subfield>
    </datafield>
    <datafield tag="952" ind1=" " ind2=" ">
      <subfield code="a">BIB_UASJ</subfield>
      <subfield code="b">BIB_UASJ</subfield>
      <subfield code="d">2012-08-16</subfield>
      <subfield code="y">BK</subfield>
      <subfield code="p">04-42886</subfield>
    </datafield>
    <datafield tag="952" ind1=" " ind2=" ">
      <subfield code="a">BIB_UASJ</subfield>
      <subfield code="b">BIB_UASJ</subfield>
      <subfield code="d">2014-10-16</subfield>
      <subfield code="y">BK</subfield>
      <subfield code="p">04-46789</subfield>
    </datafield>
    <datafield tag="952" ind1=" " ind2=" ">
      <subfield code="a">BIB_UASJ</subfield>
      <subfield code="b">BIB_UASJ</subfield>
      <subfield code="d">2014-10-16</subfield>
      <subfield code="y">BK</subfield>
      <subfield code="p">04-46790</subfield>
    </datafield>
  </record>