
  <record>
    <leader>01000aam  22002601a 4500</leader>
    <controlfield tag="001">YPZ95834</controlfield>
    <controlfield tag="003">YPZ</controlfield>
    <controlfield tag="005">201208221326200</controlfield>
    <controlfield tag="008">120822|###########||||||b||||||||||spa|d</controlfield>
    <datafield tag="020" ind1=" " ind2=" ">
      <subfield code="a">0827031742</subfield>
    </datafield>
    <datafield tag="040" ind1=" " ind2=" ">
      <subfield code="c">SIUNPA</subfield>
    </datafield>
    <datafield tag="041" ind1=" " ind2=" ">
      <subfield code="a">spa</subfield>
    </datafield>
    <datafield tag="044" ind1=" " ind2=" ">
      <subfield code="a">US</subfield>
    </datafield>
    <datafield tag="082" ind1=" " ind2=" ">
      <subfield code="a">372.894 E597en</subfield>
    </datafield>
    <datafield tag="245" ind1=" " ind2=" ">
      <subfield code="a">La enseñanza de la historia</subfield>
      <subfield code="c"> / Vázquez, Josefina Zoraida, comp. ; Gonzalbo Aizpuru, Pilar, comp.</subfield>
    </datafield>
    <datafield tag="260" ind1=" " ind2=" ">
      <subfield code="a">New York, N.Y.</subfield>
      <subfield code="b"> : Organización de los Estados Americanos</subfield>
      <subfield code="c"> , 1994</subfield>
    </datafield>
    <datafield tag="440" ind1=" " ind2=" ">
      <subfield code="a">Temas / Eudeba</subfield>
      <subfield code="a">Colección textos</subfield>
      <subfield code="a">Educación hoy</subfield>
      <subfield code="a">Historia. Biblioteca clásica</subfield>
      <subfield code="a">Colección INTERAMER. Serie Educativa = INTERAMER collection. Educational Series</subfield>
      <subfield code="v">no. 29</subfield>
    </datafield>
    <datafield tag="490" ind1=" " ind2=" ">
      <subfield code="a">Temas / Eudeba</subfield>
      <subfield code="a">Colección textos</subfield>
      <subfield code="a">Educación hoy</subfield>
      <subfield code="a">Historia. Biblioteca clásica</subfield>
      <subfield code="a">Colección INTERAMER. Serie Educativa = INTERAMER collection. Educational Series</subfield>
      <subfield code="v">no. 29</subfield>
    </datafield>
    <datafield tag="500" ind1=" " ind2=" ">
      <subfield code="a">Esta publicación se realiza en el marco de las actividades del Proyecto Multinacional de Educación Básica (PRODEBAS) que ejecutan los Estados Miembros de la OEA con apoyo del Programa Regional de Desarrollo Educativo (PREDE/OEA)</subfield>
    </datafield>
    <datafield tag="942" ind1=" " ind2=" ">
      <subfield code="c">BK</subfield>
    </datafield>
    <datafield tag="952" ind1=" " ind2=" ">
      <subfield code="a">BIB_UASJ</subfield>
      <subfield code="b">BIB_UASJ</subfield>
      <subfield code="d">2012-08-22</subfield>
      <subfield code="y">BK</subfield>
      <subfield code="p">04-42865</subfield>
    </datafield>
  </record>