
  <record>
    <leader>01000aam  22002601a 4500</leader>
    <controlfield tag="001">YPZ95835</controlfield>
    <controlfield tag="003">YPZ</controlfield>
    <controlfield tag="005">201208221545220</controlfield>
    <controlfield tag="008">120822|###########||||||b||||||||||spa|d</controlfield>
    <datafield tag="040" ind1=" " ind2=" ">
      <subfield code="c">SIUNPA</subfield>
    </datafield>
    <datafield tag="041" ind1=" " ind2=" ">
      <subfield code="a">spa</subfield>
    </datafield>
    <datafield tag="044" ind1=" " ind2=" ">
      <subfield code="a">AR</subfield>
    </datafield>
    <datafield tag="082" ind1=" " ind2=" ">
      <subfield code="a">338.1(82) A662a</subfield>
    </datafield>
    <datafield tag="100" ind1=" " ind2=" ">
      <subfield code="a">Aranguren, Roberto Pedro.</subfield>
    </datafield>
    <datafield tag="245" ind1=" " ind2=" ">
      <subfield code="a">Alternativa macroeconómica para el crecimiento nacional</subfield>
    </datafield>
    <datafield tag="260" ind1=" " ind2=" ">
      <subfield code="a">Santa Fe</subfield>
      <subfield code="b"> : R. Aranguren, ed.</subfield>
      <subfield code="c"> , 1998</subfield>
    </datafield>
    <datafield tag="942" ind1=" " ind2=" ">
      <subfield code="c">BK</subfield>
    </datafield>
    <datafield tag="952" ind1=" " ind2=" ">
      <subfield code="a">BIB_UASJ</subfield>
      <subfield code="b">BIB_UASJ</subfield>
      <subfield code="d">2012-08-22</subfield>
      <subfield code="y">BK</subfield>
      <subfield code="p">04-42845</subfield>
    </datafield>
  </record>