
  <record>
    <leader>01000aam  22002601a 4500</leader>
    <controlfield tag="001">YPZ95837</controlfield>
    <controlfield tag="003">YPZ</controlfield>
    <controlfield tag="005">201208221627200</controlfield>
    <controlfield tag="008">120822|###########||||||b||||||||||spa|d</controlfield>
    <datafield tag="040" ind1=" " ind2=" ">
      <subfield code="c">SIUNPA</subfield>
    </datafield>
    <datafield tag="041" ind1=" " ind2=" ">
      <subfield code="a">spa</subfield>
    </datafield>
    <datafield tag="044" ind1=" " ind2=" ">
      <subfield code="a">AR</subfield>
    </datafield>
    <datafield tag="082" ind1=" " ind2=" ">
      <subfield code="a">372.874 T857e</subfield>
    </datafield>
    <datafield tag="100" ind1=" " ind2=" ">
      <subfield code="a">Trostiné, Rodolfo.</subfield>
    </datafield>
    <datafield tag="245" ind1=" " ind2=" ">
      <subfield code="a">La enseñanza del dibujo en Buenos Aires</subfield>
      <subfield code="b"> : desde sus orígenes hasta 1850</subfield>
    </datafield>
    <datafield tag="260" ind1=" " ind2=" ">
      <subfield code="a">Buenos Aires</subfield>
      <subfield code="b"> : Instituto de Didáctica San José de Calasanz, Facultad de Filosofía y Letras, Universidad de Buenos Aires</subfield>
      <subfield code="c"> , 1950</subfield>
    </datafield>
    <datafield tag="440" ind1=" " ind2=" ">
      <subfield code="a">Troquel Educación</subfield>
      <subfield code="a">Trabajos de investigación y tesis</subfield>
      <subfield code="v">10</subfield>
    </datafield>
    <datafield tag="490" ind1=" " ind2=" ">
      <subfield code="a">Troquel Educación</subfield>
      <subfield code="a">Trabajos de investigación y tesis</subfield>
      <subfield code="v">10</subfield>
    </datafield>
    <datafield tag="500" ind1=" " ind2=" ">
      <subfield code="a">En portada: Ensayo conmemorativo del 150º aniversario de la fundación de la primera escuela de dibujo</subfield>
    </datafield>
    <datafield tag="942" ind1=" " ind2=" ">
      <subfield code="c">BK</subfield>
    </datafield>
    <datafield tag="952" ind1=" " ind2=" ">
      <subfield code="a">BIB_UASJ</subfield>
      <subfield code="b">BIB_UASJ</subfield>
      <subfield code="d">2012-08-06</subfield>
      <subfield code="y">BK</subfield>
      <subfield code="p">04-42849</subfield>
    </datafield>
  </record>