
  <record>
    <leader>01000aam  22002601a 4500</leader>
    <controlfield tag="001">YPZ95842</controlfield>
    <controlfield tag="003">YPZ</controlfield>
    <controlfield tag="005">201208221657420</controlfield>
    <controlfield tag="008">120822|###########||||||b||||||||||spa|d</controlfield>
    <datafield tag="020" ind1=" " ind2=" ">
      <subfield code="a">970150075X</subfield>
    </datafield>
    <datafield tag="040" ind1=" " ind2=" ">
      <subfield code="c">SIUNPA</subfield>
    </datafield>
    <datafield tag="041" ind1=" " ind2=" ">
      <subfield code="a">spa</subfield>
    </datafield>
    <datafield tag="044" ind1=" " ind2=" ">
      <subfield code="a">MX</subfield>
    </datafield>
    <datafield tag="082" ind1=" " ind2=" ">
      <subfield code="a">004.438 L864p</subfield>
    </datafield>
    <datafield tag="100" ind1=" " ind2=" ">
      <subfield code="a">López Román, Leonardo.</subfield>
    </datafield>
    <datafield tag="245" ind1=" " ind2=" ">
      <subfield code="a">Programación estructurada en Turbo Pascal 7</subfield>
    </datafield>
    <datafield tag="260" ind1=" " ind2=" ">
      <subfield code="a">México, D.F.</subfield>
      <subfield code="b"> : Computec</subfield>
      <subfield code="c"> , 1998</subfield>
    </datafield>
    <datafield tag="300" ind1=" " ind2=" ">
      <subfield code="a">239 p. : </subfield>
      <subfield code="b">il. ; </subfield>
      <subfield code="a">xi, 362 p. : </subfield>
      <subfield code="b">il. ; </subfield>
      <subfield code="a">243 p. : </subfield>
      <subfield code="a">310 p. : </subfield>
      <subfield code="b">il. ; </subfield>
      <subfield code="a">xxiv, 335 p. : </subfield>
      <subfield code="a">249 p. : </subfield>
      <subfield code="a">xvi, 742 p. : </subfield>
      <subfield code="b">il. ; </subfield>
      <subfield code="a">158 p. : </subfield>
      <subfield code="a">109 p. : </subfield>
      <subfield code="a">173 p. : </subfield>
      <subfield code="a">218 p. : </subfield>
      <subfield code="a">98 p. : </subfield>
      <subfield code="a">254 p. : </subfield>
      <subfield code="b">il. ; </subfield>
      <subfield code="a">358 p. : </subfield>
      <subfield code="a">x, 242 p. : </subfield>
      <subfield code="a">170 p. : </subfield>
      <subfield code="a">197 p. : </subfield>
      <subfield code="b">il. ; </subfield>
      <subfield code="a">147 p. : </subfield>
      <subfield code="a">188 p. : </subfield>
      <subfield code="a">139 p. : </subfield>
      <subfield code="a">158 p. : </subfield>
      <subfield code="a">270 p. : </subfield>
      <subfield code="a">911 p. : </subfield>
      <subfield code="b">il. ; </subfield>
      <subfield code="e">1 disquete (3½) en bolsillo</subfield>
    </datafield>
    <datafield tag="942" ind1=" " ind2=" ">
      <subfield code="c">BK</subfield>
    </datafield>
    <datafield tag="952" ind1=" " ind2=" ">
      <subfield code="a">BIB_UART</subfield>
      <subfield code="b">BIB_UART</subfield>
      <subfield code="d">2012-08-22</subfield>
      <subfield code="y">BK</subfield>
      <subfield code="p">03-01115</subfield>
    </datafield>
  </record>