
  <record>
    <leader>01000aam  22002601a 4500</leader>
    <controlfield tag="001">YPZ95850</controlfield>
    <controlfield tag="003">YPZ</controlfield>
    <controlfield tag="005">201208231427340</controlfield>
    <controlfield tag="008">120823|###########||||||b||||||||||spa|d</controlfield>
    <datafield tag="020" ind1=" " ind2=" ">
      <subfield code="a">9788481918281</subfield>
    </datafield>
    <datafield tag="040" ind1=" " ind2=" ">
      <subfield code="c">SIUNPA</subfield>
    </datafield>
    <datafield tag="041" ind1=" " ind2=" ">
      <subfield code="a">spa</subfield>
    </datafield>
    <datafield tag="044" ind1=" " ind2=" ">
      <subfield code="a">ES</subfield>
    </datafield>
    <datafield tag="082" ind1=" " ind2=" ">
      <subfield code="a">930.1 M357d</subfield>
    </datafield>
    <datafield tag="100" ind1=" " ind2=" ">
      <subfield code="a">Marquard, Odo.</subfield>
    </datafield>
    <datafield tag="245" ind1=" " ind2=" ">
      <subfield code="a">Dificultades con la filosofía de la historia</subfield>
      <subfield code="b"> : ensayos</subfield>
      <subfield code="c"> / Ocaña, Enrique, tr.</subfield>
    </datafield>
    <datafield tag="250" ind1=" " ind2=" ">
      <subfield code="a">1a ed.</subfield>
    </datafield>
    <datafield tag="260" ind1=" " ind2=" ">
      <subfield code="a">Valencia</subfield>
      <subfield code="b"> : Pre-Textos</subfield>
      <subfield code="c"> , 2007</subfield>
    </datafield>
    <datafield tag="440" ind1=" " ind2=" ">
      <subfield code="a">Colección Memoria en movimiento. Voces, imágenes y testimonios</subfield>
      <subfield code="a">Antropolis</subfield>
      <subfield code="a">Pre-textos/ensayo</subfield>
      <subfield code="v">874</subfield>
    </datafield>
    <datafield tag="490" ind1=" " ind2=" ">
      <subfield code="a">Colección Memoria en movimiento. Voces, imágenes y testimonios</subfield>
      <subfield code="a">Antropolis</subfield>
      <subfield code="a">Pre-textos/ensayo</subfield>
      <subfield code="v">874</subfield>
    </datafield>
    <datafield tag="942" ind1=" " ind2=" ">
      <subfield code="c">BK</subfield>
    </datafield>
    <datafield tag="952" ind1=" " ind2=" ">
      <subfield code="a">BIB_UARG</subfield>
      <subfield code="b">BIB_UARG</subfield>
      <subfield code="d">2012-08-23</subfield>
      <subfield code="y">BK</subfield>
      <subfield code="p">05-42920</subfield>
    </datafield>
  </record>