
  <record>
    <leader>01000aam  22002601a 4500</leader>
    <controlfield tag="001">YPZ95856</controlfield>
    <controlfield tag="003">YPZ</controlfield>
    <controlfield tag="005">201208231532350</controlfield>
    <controlfield tag="008">120823|###########||||||b||||||||||spa|d</controlfield>
    <datafield tag="020" ind1=" " ind2=" ">
      <subfield code="a">8446019728</subfield>
    </datafield>
    <datafield tag="040" ind1=" " ind2=" ">
      <subfield code="c">SIUNPA</subfield>
    </datafield>
    <datafield tag="041" ind1=" " ind2=" ">
      <subfield code="a">spa</subfield>
    </datafield>
    <datafield tag="044" ind1=" " ind2=" ">
      <subfield code="a">ES</subfield>
    </datafield>
    <datafield tag="082" ind1=" " ind2=" ">
      <subfield code="a">930.1 H557t</subfield>
    </datafield>
    <datafield tag="100" ind1=" " ind2=" ">
      <subfield code="a">Hernández Sandoica, Elena.</subfield>
    </datafield>
    <datafield tag="245" ind1=" " ind2=" ">
      <subfield code="a">Tendencias historiográficas actuales</subfield>
      <subfield code="b"> : escribir historia hoy</subfield>
    </datafield>
    <datafield tag="260" ind1=" " ind2=" ">
      <subfield code="a">Madrid</subfield>
      <subfield code="b"> : Akal</subfield>
      <subfield code="c"> , 2004</subfield>
    </datafield>
    <datafield tag="440" ind1=" " ind2=" ">
      <subfield code="a">Cuadernos de lengua española</subfield>
      <subfield code="a">Colección estudios sobre genocidio</subfield>
      <subfield code="a">Senderos de los pueblos originarios de América</subfield>
      <subfield code="a">Sección de obras de Filosofía</subfield>
      <subfield code="a">Biblioteca Mario Vargas Llosa</subfield>
      <subfield code="a">Akal universitaria. Serie Historia contemporánea</subfield>
      <subfield code="v">234</subfield>
    </datafield>
    <datafield tag="490" ind1=" " ind2=" ">
      <subfield code="a">Cuadernos de lengua española</subfield>
      <subfield code="a">Colección estudios sobre genocidio</subfield>
      <subfield code="a">Senderos de los pueblos originarios de América</subfield>
      <subfield code="a">Sección de obras de Filosofía</subfield>
      <subfield code="a">Biblioteca Mario Vargas Llosa</subfield>
      <subfield code="a">Akal universitaria. Serie Historia contemporánea</subfield>
      <subfield code="v">234</subfield>
    </datafield>
    <datafield tag="942" ind1=" " ind2=" ">
      <subfield code="c">BK</subfield>
    </datafield>
    <datafield tag="952" ind1=" " ind2=" ">
      <subfield code="a">BIB_UARG</subfield>
      <subfield code="b">BIB_UARG</subfield>
      <subfield code="d">2012-08-23</subfield>
      <subfield code="y">BK</subfield>
      <subfield code="p">05-42917</subfield>
    </datafield>
  </record>