
  <record>
    <leader>01000aam  22002601a 4500</leader>
    <controlfield tag="001">YPZ95865</controlfield>
    <controlfield tag="003">YPZ</controlfield>
    <controlfield tag="005">201208241757530</controlfield>
    <controlfield tag="008">120824|###########||||||b||||||||||spa|d</controlfield>
    <datafield tag="020" ind1=" " ind2=" ">
      <subfield code="a">9582003359</subfield>
    </datafield>
    <datafield tag="040" ind1=" " ind2=" ">
      <subfield code="c">SIUNPA</subfield>
    </datafield>
    <datafield tag="041" ind1=" " ind2=" ">
      <subfield code="a">spa</subfield>
    </datafield>
    <datafield tag="044" ind1=" " ind2=" ">
      <subfield code="a">CO</subfield>
    </datafield>
    <datafield tag="082" ind1=" " ind2=" ">
      <subfield code="a">37.012 S277i</subfield>
    </datafield>
    <datafield tag="100" ind1=" " ind2=" ">
      <subfield code="a">Santos Filho, José Camilo Dos.</subfield>
    </datafield>
    <datafield tag="700" ind1=" " ind2=" ">
      <subfield code="a">Sánchez Gamboa, Silvio Ancízar.</subfield>
    </datafield>
    <datafield tag="245" ind1=" " ind2=" ">
      <subfield code="a">Investigación educativa cantidad - cualidad</subfield>
      <subfield code="b"> : un debate paradigmático</subfield>
    </datafield>
    <datafield tag="260" ind1=" " ind2=" ">
      <subfield code="a">Santafe de Bogotá</subfield>
      <subfield code="b"> : Magisterio</subfield>
      <subfield code="c"> , 1997</subfield>
    </datafield>
    <datafield tag="440" ind1=" " ind2=" ">
      <subfield code="a">Colección Cruz del Sur</subfield>
      <subfield code="a">Colección Educación y enseñanza. Serie monográfica</subfield>
      <subfield code="a">Colección mesa redonda</subfield>
      <subfield code="v">56</subfield>
    </datafield>
    <datafield tag="490" ind1=" " ind2=" ">
      <subfield code="a">Colección Cruz del Sur</subfield>
      <subfield code="a">Colección Educación y enseñanza. Serie monográfica</subfield>
      <subfield code="a">Colección mesa redonda</subfield>
      <subfield code="v">56</subfield>
    </datafield>
    <datafield tag="942" ind1=" " ind2=" ">
      <subfield code="c">BK</subfield>
    </datafield>
    <datafield tag="952" ind1=" " ind2=" ">
      <subfield code="a">BIB_UASJ</subfield>
      <subfield code="b">BIB_UASJ</subfield>
      <subfield code="d">2012-07-06</subfield>
      <subfield code="y">BK</subfield>
      <subfield code="p">04-42874</subfield>
    </datafield>
  </record>