
  <record>
    <leader>01000aam  22002601a 4500</leader>
    <controlfield tag="001">YPZ95877</controlfield>
    <controlfield tag="003">YPZ</controlfield>
    <controlfield tag="005">201208271514500</controlfield>
    <controlfield tag="008">120827|###########||||||b||||||||||spa|d</controlfield>
    <datafield tag="020" ind1=" " ind2=" ">
      <subfield code="a">2734202425</subfield>
    </datafield>
    <datafield tag="040" ind1=" " ind2=" ">
      <subfield code="c">SIUNPA</subfield>
    </datafield>
    <datafield tag="041" ind1=" " ind2=" ">
      <subfield code="a">fre</subfield>
    </datafield>
    <datafield tag="044" ind1=" " ind2=" ">
      <subfield code="a">FR</subfield>
    </datafield>
    <datafield tag="082" ind1=" " ind2=" ">
      <subfield code="a">37(44)(091) H328l</subfield>
    </datafield>
    <datafield tag="100" ind1=" " ind2=" ">
      <subfield code="a">Harten, Hans-Christian.</subfield>
    </datafield>
    <datafield tag="110" ind1=" " ind2=" ">
      <subfield code="a">Institut National de Recherche Pèdagogique. Service d'Historie de l'Éducation (Francia).</subfield>
    </datafield>
    <datafield tag="245" ind1=" " ind2=" ">
      <subfield code="a">Les écrits pédagogiques sous la Révolution</subfield>
      <subfield code="c"> / Choppin, Alain, colab.</subfield>
    </datafield>
    <datafield tag="260" ind1=" " ind2=" ">
      <subfield code="a">París</subfield>
      <subfield code="b"> : Institut National de Recherche Pèdagogique</subfield>
      <subfield code="c"> , 1989</subfield>
    </datafield>
    <datafield tag="500" ind1=" " ind2=" ">
      <subfield code="a">En portada: répertoire établi par l'auteur avec la collaboration du Service d'Historie de l'Éducation sous la direction d'Alain Choppin</subfield>
    </datafield>
    <datafield tag="942" ind1=" " ind2=" ">
      <subfield code="c">BK</subfield>
    </datafield>
    <datafield tag="952" ind1=" " ind2=" ">
      <subfield code="a">BIB_UASJ</subfield>
      <subfield code="b">BIB_UASJ</subfield>
      <subfield code="d">2012-07-06</subfield>
      <subfield code="y">BK</subfield>
      <subfield code="p">04-42880</subfield>
    </datafield>
  </record>