
  <record>
    <leader>01000aam  22002601a 4500</leader>
    <controlfield tag="001">YPZ95904</controlfield>
    <controlfield tag="003">YPZ</controlfield>
    <controlfield tag="005">201208281553100</controlfield>
    <controlfield tag="008">120828|###########||||||b||||||||||spa|d</controlfield>
    <datafield tag="020" ind1=" " ind2=" ">
      <subfield code="a">9509648043</subfield>
    </datafield>
    <datafield tag="040" ind1=" " ind2=" ">
      <subfield code="c">SIUNPA</subfield>
    </datafield>
    <datafield tag="041" ind1=" " ind2=" ">
      <subfield code="a">spa</subfield>
    </datafield>
    <datafield tag="044" ind1=" " ind2=" ">
      <subfield code="a">AR</subfield>
    </datafield>
    <datafield tag="082" ind1=" " ind2=" ">
      <subfield code="a">821.134.2(82).09</subfield>
    </datafield>
    <datafield tag="100" ind1=" " ind2=" ">
      <subfield code="a">Rodríguez, Raimundo.</subfield>
    </datafield>
    <datafield tag="245" ind1=" " ind2=" ">
      <subfield code="a">Divagaciones en torno del misterio de un autor</subfield>
      <subfield code="b"> : Roberto Arlt y su obra</subfield>
    </datafield>
    <datafield tag="260" ind1=" " ind2=" ">
      <subfield code="a">Buenos Aires</subfield>
      <subfield code="b"> : Nuevo Meridión</subfield>
      <subfield code="c"> , 1987</subfield>
    </datafield>
    <datafield tag="440" ind1=" " ind2=" ">
      <subfield code="a">Temas matemáticos</subfield>
      <subfield code="a">Colección juegos y dinámicas</subfield>
      <subfield code="a">Colección desarrollo social</subfield>
      <subfield code="a">Pensar América</subfield>
      <subfield code="v">3</subfield>
    </datafield>
    <datafield tag="490" ind1=" " ind2=" ">
      <subfield code="a">Temas matemáticos</subfield>
      <subfield code="a">Colección juegos y dinámicas</subfield>
      <subfield code="a">Colección desarrollo social</subfield>
      <subfield code="a">Pensar América</subfield>
      <subfield code="v">3</subfield>
    </datafield>
    <datafield tag="500" ind1=" " ind2=" ">
      <subfield code="a">Premio ensayo 1985 fondo nacional de las artes</subfield>
    </datafield>
    <datafield tag="942" ind1=" " ind2=" ">
      <subfield code="c">BK</subfield>
    </datafield>
    <datafield tag="952" ind1=" " ind2=" ">
      <subfield code="a">BIB_UARG</subfield>
      <subfield code="b">BIB_UARG</subfield>
      <subfield code="d">2012-07-12</subfield>
      <subfield code="y">BK</subfield>
      <subfield code="p">05-08034</subfield>
    </datafield>
  </record>