
  <record>
    <leader>01000aam  22002601a 4500</leader>
    <controlfield tag="001">YPZ95913</controlfield>
    <controlfield tag="003">YPZ</controlfield>
    <controlfield tag="005">201208291740320</controlfield>
    <controlfield tag="008">120829|###########||||||b||||||||||spa|d</controlfield>
    <datafield tag="020" ind1=" " ind2=" ">
      <subfield code="a">9789701065334</subfield>
    </datafield>
    <datafield tag="020" ind1=" " ind2=" ">
      <subfield code="a">9701065536</subfield>
    </datafield>
    <datafield tag="040" ind1=" " ind2=" ">
      <subfield code="c">SIUNPA</subfield>
    </datafield>
    <datafield tag="041" ind1=" " ind2=" ">
      <subfield code="a">spa</subfield>
    </datafield>
    <datafield tag="044" ind1=" " ind2=" ">
      <subfield code="a">MX</subfield>
    </datafield>
    <datafield tag="082" ind1=" " ind2=" ">
      <subfield code="a">573 M181b9</subfield>
    </datafield>
    <datafield tag="100" ind1=" " ind2=" ">
      <subfield code="a">Mader, Sylvia S..</subfield>
    </datafield>
    <datafield tag="700" ind1=" " ind2=" ">
      <subfield code="a">Pendarvis, Murray P., con aportaciones.</subfield>
    </datafield>
    <datafield tag="245" ind1=" " ind2=" ">
      <subfield code="a">Biología</subfield>
      <subfield code="b"> : novena edición</subfield>
      <subfield code="c"> / Colón Arroyo, David, rev. técnica ; Garza Cueva, Raúl, rev. técnica ; Serrano-Nuñez, Yolanda, rev. técnica ; Payán-Aparicio, Fernando, rev. técnica ; Pantoja Magaña, Salvador, rev. técnica ; Olivares Chicón, Ángel F., rev. técnica ; Ricart Morales, Carlos, rev. técnica ; Candelas, Teresa, rev. técnica ; Molina-Cotto, José A., rev. técnica ; Cherry, Rebecca C., rev. técnica ; Chiesa, Ricardo, rev. técnica ; Jesús, Sandra de, rev. técnica ; Báez Belén, Virginia, rev. técnica ; Rojas Nieves, Yazmín, rev. técnica ; Castro Jiménez, Yolanda, rev. técnica ; Hernan D'Borneville, Erika Jasso, tr. ; Alatorre Miguel, Efrén, tr. ; Sánchez Herrera, Ignacio, tr. ; Yanes Shaw, José Ángel, tr. ; Moreno Chávez, Norma Angélica, tr.</subfield>
    </datafield>
    <datafield tag="250" ind1=" " ind2=" ">
      <subfield code="a">2a ed. en español</subfield>
    </datafield>
    <datafield tag="260" ind1=" " ind2=" ">
      <subfield code="a">México, D.F.</subfield>
      <subfield code="b"> : McGraw-Hill Interamericana</subfield>
      <subfield code="c"> , 2008</subfield>
    </datafield>
    <datafield tag="942" ind1=" " ind2=" ">
      <subfield code="c">BK</subfield>
    </datafield>
    <datafield tag="952" ind1=" " ind2=" ">
      <subfield code="a">SAT_PDES</subfield>
      <subfield code="b">SAT_PDES</subfield>
      <subfield code="d">2012-08-29</subfield>
      <subfield code="y">BK</subfield>
      <subfield code="p">16-42936</subfield>
    </datafield>
  </record>