
  <record>
    <leader>01000aam  22002601a 4500</leader>
    <controlfield tag="001">YPZ95931</controlfield>
    <controlfield tag="003">YPZ</controlfield>
    <controlfield tag="005">201209031451240</controlfield>
    <controlfield tag="008">120903|###########||||||b||||||||||spa|d</controlfield>
    <datafield tag="020" ind1=" " ind2=" ">
      <subfield code="a">9786074480399</subfield>
    </datafield>
    <datafield tag="040" ind1=" " ind2=" ">
      <subfield code="c">SIUNPA</subfield>
    </datafield>
    <datafield tag="041" ind1=" " ind2=" ">
      <subfield code="a">spa</subfield>
    </datafield>
    <datafield tag="044" ind1=" " ind2=" ">
      <subfield code="a">MX</subfield>
    </datafield>
    <datafield tag="082" ind1=" " ind2=" ">
      <subfield code="a">616-083 E569en</subfield>
    </datafield>
    <datafield tag="245" ind1=" " ind2=" ">
      <subfield code="a">Enfermería perioperatoria</subfield>
      <subfield code="b"> : texto introductorio</subfield>
      <subfield code="c"> / Hamlin, Lois, ed. ; Richardson-Tench, Marylin, ed. ; Davies, Menna, ed. ; Enríquez Cotera, Gabriela, tr. ; Martínez Moreno, Martín, tr.</subfield>
    </datafield>
    <datafield tag="260" ind1=" " ind2=" ">
      <subfield code="a">México, D.F.</subfield>
      <subfield code="b"> : El Manual Moderno</subfield>
      <subfield code="c"> , 2010</subfield>
    </datafield>
    <datafield tag="942" ind1=" " ind2=" ">
      <subfield code="c">BK</subfield>
    </datafield>
    <datafield tag="952" ind1=" " ind2=" ">
      <subfield code="a">BIB_UARG</subfield>
      <subfield code="b">BIB_UARG</subfield>
      <subfield code="d">2012-08-30</subfield>
      <subfield code="y">BK</subfield>
      <subfield code="p">05-42997</subfield>
    </datafield>
    <datafield tag="952" ind1=" " ind2=" ">
      <subfield code="a">BIB_UARG</subfield>
      <subfield code="b">BIB_UARG</subfield>
      <subfield code="d">2012-08-30</subfield>
      <subfield code="y">BK</subfield>
      <subfield code="p">05-42998</subfield>
    </datafield>
  </record>