
  <record>
    <leader>01000aam  22002601a 4500</leader>
    <controlfield tag="001">YPZ95935</controlfield>
    <controlfield tag="003">YPZ</controlfield>
    <controlfield tag="005">201209031919300</controlfield>
    <controlfield tag="008">120903|###########||||||b||||||||||spa|d</controlfield>
    <datafield tag="020" ind1=" " ind2=" ">
      <subfield code="a">9788420541105</subfield>
    </datafield>
    <datafield tag="040" ind1=" " ind2=" ">
      <subfield code="c">SIUNPA</subfield>
    </datafield>
    <datafield tag="041" ind1=" " ind2=" ">
      <subfield code="a">spa</subfield>
    </datafield>
    <datafield tag="044" ind1=" " ind2=" ">
      <subfield code="a">ES</subfield>
    </datafield>
    <datafield tag="082" ind1=" " ind2=" ">
      <subfield code="a">004.7 S782c7</subfield>
    </datafield>
    <datafield tag="100" ind1=" " ind2=" ">
      <subfield code="a">Stallings, William.</subfield>
    </datafield>
    <datafield tag="245" ind1=" " ind2=" ">
      <subfield code="a">Comunicaciones y redes de computadores</subfield>
      <subfield code="b"> : séptima edición</subfield>
      <subfield code="c"> / Díaz Verdejo, Jesús Esteban, tr. ; Estévez Tapiador, Juan Manuel, tr. ; García Teodoro, Pedro, tr. ; López Soler, Juan Manuel, tr. ; Ramos Muñoz, Juan José, tr. ; Ramírez Velarde, Raúl V., rev. técnica ; López Barrientos, M. en C. Jaquelina, rev. técnica</subfield>
    </datafield>
    <datafield tag="260" ind1=" " ind2=" ">
      <subfield code="a">Madrid</subfield>
      <subfield code="b"> : Prentice Hall</subfield>
      <subfield code="c"> , reimpr. 2008</subfield>
    </datafield>
    <datafield tag="942" ind1=" " ind2=" ">
      <subfield code="c">BK</subfield>
    </datafield>
    <datafield tag="952" ind1=" " ind2=" ">
      <subfield code="a">BIB_UARG</subfield>
      <subfield code="b">BIB_UARG</subfield>
      <subfield code="d">2012-09-03</subfield>
      <subfield code="y">BK</subfield>
      <subfield code="p">05-42977</subfield>
    </datafield>
  </record>