
  <record>
    <leader>01000aam  22002601a 4500</leader>
    <controlfield tag="001">YPZ95953</controlfield>
    <controlfield tag="003">YPZ</controlfield>
    <controlfield tag="005">201209051817400</controlfield>
    <controlfield tag="008">120905|###########||||||b||||||||||spa|d</controlfield>
    <datafield tag="020" ind1=" " ind2=" ">
      <subfield code="a">9501227219</subfield>
    </datafield>
    <datafield tag="040" ind1=" " ind2=" ">
      <subfield code="c">SIUNPA</subfield>
    </datafield>
    <datafield tag="041" ind1=" " ind2=" ">
      <subfield code="a">spa</subfield>
    </datafield>
    <datafield tag="044" ind1=" " ind2=" ">
      <subfield code="a">AR</subfield>
    </datafield>
    <datafield tag="082" ind1=" " ind2=" ">
      <subfield code="a">81'22 M269p</subfield>
    </datafield>
    <datafield tag="100" ind1=" " ind2=" ">
      <subfield code="a">Mancuso, Hugo.</subfield>
    </datafield>
    <datafield tag="245" ind1=" " ind2=" ">
      <subfield code="a">La palabra viva</subfield>
      <subfield code="b"> : teoría verbal y discursiva de Michail M. Bachtin</subfield>
    </datafield>
    <datafield tag="250" ind1=" " ind2=" ">
      <subfield code="a">1a ed.</subfield>
    </datafield>
    <datafield tag="260" ind1=" " ind2=" ">
      <subfield code="a">Buenos Aires</subfield>
      <subfield code="b"> : Paidós</subfield>
      <subfield code="c"> , 2005</subfield>
    </datafield>
    <datafield tag="440" ind1=" " ind2=" ">
      <subfield code="a">Sección de obras de lengua y estudios literarios</subfield>
      <subfield code="a">Sección de obras de Filosofía</subfield>
      <subfield code="a">Enciclopedia semiológica</subfield>
      <subfield code="a">Ciencia, tecnología, sociedad</subfield>
      <subfield code="a">Paidós estudios de comunicación</subfield>
      <subfield code="v">21</subfield>
    </datafield>
    <datafield tag="490" ind1=" " ind2=" ">
      <subfield code="a">Sección de obras de lengua y estudios literarios</subfield>
      <subfield code="a">Sección de obras de Filosofía</subfield>
      <subfield code="a">Enciclopedia semiológica</subfield>
      <subfield code="a">Ciencia, tecnología, sociedad</subfield>
      <subfield code="a">Paidós estudios de comunicación</subfield>
      <subfield code="v">21</subfield>
    </datafield>
    <datafield tag="942" ind1=" " ind2=" ">
      <subfield code="c">BK</subfield>
    </datafield>
    <datafield tag="952" ind1=" " ind2=" ">
      <subfield code="a">BIB_UARG</subfield>
      <subfield code="b">BIB_UARG</subfield>
      <subfield code="d">2012-09-05</subfield>
      <subfield code="y">BK</subfield>
      <subfield code="p">05-42962</subfield>
    </datafield>
    <datafield tag="952" ind1=" " ind2=" ">
      <subfield code="a">BIB_UARG</subfield>
      <subfield code="b">BIB_UARG</subfield>
      <subfield code="d">2012-09-05</subfield>
      <subfield code="y">BK</subfield>
      <subfield code="p">05-42963</subfield>
    </datafield>
    <datafield tag="952" ind1=" " ind2=" ">
      <subfield code="a">BIB_UARG</subfield>
      <subfield code="b">BIB_UARG</subfield>
      <subfield code="d">2012-09-05</subfield>
      <subfield code="y">BK</subfield>
      <subfield code="p">05-42964</subfield>
    </datafield>
  </record>