
  <record>
    <leader>01000aam  22002601a 4500</leader>
    <controlfield tag="001">YPZ95961</controlfield>
    <controlfield tag="003">YPZ</controlfield>
    <controlfield tag="005">201209061432160</controlfield>
    <controlfield tag="008">120906|###########||||||b||||||||||spa|d</controlfield>
    <datafield tag="020" ind1=" " ind2=" ">
      <subfield code="a">9681663608</subfield>
    </datafield>
    <datafield tag="040" ind1=" " ind2=" ">
      <subfield code="c">SIUNPA</subfield>
    </datafield>
    <datafield tag="041" ind1=" " ind2=" ">
      <subfield code="a">spa</subfield>
    </datafield>
    <datafield tag="044" ind1=" " ind2=" ">
      <subfield code="a">MX</subfield>
    </datafield>
    <datafield tag="082" ind1=" " ind2=" ">
      <subfield code="a">821.134.2(72).09</subfield>
    </datafield>
    <datafield tag="110" ind1=" " ind2=" ">
      <subfield code="a">Coloquio Internacional Por el Laberinto de la Soledad a 50 Años de su Publicación (2000 : México).</subfield>
    </datafield>
    <datafield tag="245" ind1=" " ind2=" ">
      <subfield code="a">Memoria del Coloquio internacional 'Por el laberinto de la soledad' a 50 años de su publicación</subfield>
    </datafield>
    <datafield tag="250" ind1=" " ind2=" ">
      <subfield code="a">1a ed.</subfield>
    </datafield>
    <datafield tag="260" ind1=" " ind2=" ">
      <subfield code="a">México, D.F.</subfield>
      <subfield code="b"> : Fundación Octavio Paz</subfield>
      <subfield code="b"> : Fondo de Cultura Económica</subfield>
      <subfield code="c"> , 2001</subfield>
    </datafield>
    <datafield tag="440" ind1=" " ind2=" ">
      <subfield code="a">Sección de obras de historia</subfield>
      <subfield code="a">Historia de las políticas e ideas sobre el lenguaje en América Latina</subfield>
      <subfield code="a">Sección de obras de Filosofía|Biblioteca de Ética y Bioética</subfield>
      <subfield code="a">Sección de obras de Filosofía</subfield>
      <subfield code="a">Anuario de la Fundación Octavio Paz</subfield>
      <subfield code="v">no. 3</subfield>
    </datafield>
    <datafield tag="490" ind1=" " ind2=" ">
      <subfield code="a">Sección de obras de historia</subfield>
      <subfield code="a">Historia de las políticas e ideas sobre el lenguaje en América Latina</subfield>
      <subfield code="a">Sección de obras de Filosofía|Biblioteca de Ética y Bioética</subfield>
      <subfield code="a">Sección de obras de Filosofía</subfield>
      <subfield code="a">Anuario de la Fundación Octavio Paz</subfield>
      <subfield code="v">no. 3</subfield>
    </datafield>
    <datafield tag="942" ind1=" " ind2=" ">
      <subfield code="c">BK</subfield>
    </datafield>
    <datafield tag="952" ind1=" " ind2=" ">
      <subfield code="a">BIB_UARG</subfield>
      <subfield code="b">BIB_UARG</subfield>
      <subfield code="d">2012-08-30</subfield>
      <subfield code="y">BK</subfield>
      <subfield code="p">05-42970</subfield>
    </datafield>
  </record>