
  <record>
    <leader>01000aam  22002601a 4500</leader>
    <controlfield tag="001">YPZ95966</controlfield>
    <controlfield tag="003">YPZ</controlfield>
    <controlfield tag="005">201209061549350</controlfield>
    <controlfield tag="008">120906|###########||||||b||||||||||spa|d</controlfield>
    <datafield tag="020" ind1=" " ind2=" ">
      <subfield code="a">9789701514306</subfield>
    </datafield>
    <datafield tag="040" ind1=" " ind2=" ">
      <subfield code="c">SIUNPA</subfield>
    </datafield>
    <datafield tag="041" ind1=" " ind2=" ">
      <subfield code="a">spa</subfield>
    </datafield>
    <datafield tag="044" ind1=" " ind2=" ">
      <subfield code="a">MX</subfield>
    </datafield>
    <datafield tag="082" ind1=" " ind2=" ">
      <subfield code="a">004.43 F942j5</subfield>
    </datafield>
    <datafield tag="100" ind1=" " ind2=" ">
      <subfield code="a">Froufe Quintas, Agustín.</subfield>
    </datafield>
    <datafield tag="245" ind1=" " ind2=" ">
      <subfield code="a">Java 2</subfield>
      <subfield code="b"> : manual de usuario y tutorial</subfield>
    </datafield>
    <datafield tag="250" ind1=" " ind2=" ">
      <subfield code="a">5a ed.</subfield>
    </datafield>
    <datafield tag="260" ind1=" " ind2=" ">
      <subfield code="a">México, D.F.</subfield>
      <subfield code="b"> : Alfaomega</subfield>
      <subfield code="c"> , 2008</subfield>
    </datafield>
    <datafield tag="300" ind1=" " ind2=" ">
      <subfield code="a">300 p. : </subfield>
      <subfield code="a">268 p. : </subfield>
      <subfield code="a">70 p. : </subfield>
      <subfield code="a">239 p. : </subfield>
      <subfield code="a">98 p. : </subfield>
      <subfield code="b">il. ; </subfield>
      <subfield code="a">479 p. : </subfield>
      <subfield code="a">734 p. : </subfield>
      <subfield code="a">574 p. : </subfield>
      <subfield code="a">249 p. : </subfield>
      <subfield code="a">221 p. : </subfield>
      <subfield code="b">il. ; </subfield>
      <subfield code="a">215 p. : </subfield>
      <subfield code="b">il. ; </subfield>
      <subfield code="a">215 p. : </subfield>
      <subfield code="a">173 p. : </subfield>
      <subfield code="a">106 p. : </subfield>
      <subfield code="b">il. ; </subfield>
      <subfield code="a">246 p. : </subfield>
      <subfield code="a">103 p. : </subfield>
      <subfield code="a">106 p. : </subfield>
      <subfield code="a">2 v. : </subfield>
      <subfield code="b">il. ; </subfield>
      <subfield code="a">222 p. : </subfield>
      <subfield code="b">il. ; </subfield>
      <subfield code="a">161 p. : </subfield>
      <subfield code="a">160 P. : </subfield>
      <subfield code="a">54 p. : </subfield>
      <subfield code="a">134 p. : </subfield>
      <subfield code="a">199 p. : </subfield>
      <subfield code="b">il. ; </subfield>
      <subfield code="a">437 p. : </subfield>
      <subfield code="b">il. ; </subfield>
      <subfield code="a">190 p. : </subfield>
      <subfield code="a">123 p. : </subfield>
      <subfield code="a">173 p. : </subfield>
      <subfield code="a">76 p. : </subfield>
      <subfield code="a">xv, 153 p. : </subfield>
      <subfield code="a">71 p. : </subfield>
      <subfield code="a">55 p. : </subfield>
      <subfield code="a">229 p. : </subfield>
      <subfield code="a">244 p. : </subfield>
      <subfield code="a">463 p. : </subfield>
      <subfield code="a">2 v. : </subfield>
      <subfield code="a">128 p. : </subfield>
      <subfield code="a">2 v. : </subfield>
      <subfield code="a">2 v. : </subfield>
      <subfield code="a">2 v. : </subfield>
      <subfield code="a">190 p. : </subfield>
      <subfield code="a">2 v. : </subfield>
      <subfield code="a">301 p. : </subfield>
      <subfield code="a">140 p. : </subfield>
      <subfield code="a">104 p. : </subfield>
      <subfield code="a">142 p. : </subfield>
      <subfield code="a">160 p. : </subfield>
      <subfield code="b">il. ; </subfield>
      <subfield code="a">81 p. : </subfield>
      <subfield code="b">il. ; </subfield>
      <subfield code="a">62 p. : </subfield>
      <subfield code="a">173 p. : </subfield>
      <subfield code="b">il. ; </subfield>
      <subfield code="a">294 p. : </subfield>
      <subfield code="b">il. ; </subfield>
      <subfield code="a">123 p. : </subfield>
      <subfield code="a">122 p. : </subfield>
      <subfield code="a">324 p. : </subfield>
      <subfield code="a">220 p. : </subfield>
      <subfield code="a">802 p. : </subfield>
      <subfield code="a">231 p. : </subfield>
      <subfield code="a">237 p. : </subfield>
      <subfield code="a">xix, 566 p. : </subfield>
      <subfield code="b">il. ; </subfield>
      <subfield code="a">xiii, 430 p. : </subfield>
      <subfield code="b">il. ; </subfield>
      <subfield code="a">xvii, [983] p. en varias paginaciones : </subfield>
      <subfield code="b">il. ; </subfield>
      <subfield code="a">91 p. : </subfield>
      <subfield code="b">il. ; </subfield>
      <subfield code="a">89 p. : </subfield>
      <subfield code="b">il. ; </subfield>
      <subfield code="a">xii, 308 p. : </subfield>
      <subfield code="b">il. ; </subfield>
      <subfield code="a">243 p. : </subfield>
      <subfield code="a">64 p. : </subfield>
      <subfield code="b">il. ; </subfield>
      <subfield code="a">83 p. : </subfield>
      <subfield code="b">il. ; </subfield>
      <subfield code="a">446 p. : </subfield>
      <subfield code="a">193 p. : </subfield>
      <subfield code="b">il. ; </subfield>
      <subfield code="a">110 p. : </subfield>
      <subfield code="a">v, 125  p. : </subfield>
      <subfield code="b">il. ; </subfield>
      <subfield code="a">887 p. : </subfield>
      <subfield code="b">il. ; </subfield>
      <subfield code="a">179 p. : </subfield>
      <subfield code="b">il. ; </subfield>
      <subfield code="a">xvii, 742 p. : </subfield>
      <subfield code="b">il. ; </subfield>
      <subfield code="a">xxiv, 347 p. : </subfield>
      <subfield code="b">il. ; </subfield>
      <subfield code="a">xviii, 639 p. : </subfield>
      <subfield code="b">il. ; </subfield>
      <subfield code="a">xxii, 936 p. : </subfield>
      <subfield code="b">il. ; </subfield>
      <subfield code="a">xx, 688 p. : </subfield>
      <subfield code="b">diagrs. ; </subfield>
      <subfield code="a">xix, 331 p. : </subfield>
      <subfield code="b">il. ; </subfield>
      <subfield code="a">285 p. : </subfield>
      <subfield code="a">180 p. : </subfield>
      <subfield code="a">xxvi, 614 p. : </subfield>
      <subfield code="b">il. ; </subfield>
      <subfield code="a">xxvi, 868 p. : </subfield>
      <subfield code="b">cuadros ; </subfield>
      <subfield code="a">374 p. : </subfield>
      <subfield code="a">325 p. : </subfield>
      <subfield code="b">il. ; </subfield>
      <subfield code="a">351 p. : </subfield>
      <subfield code="a">xxxi, 384 p. : </subfield>
      <subfield code="b">il. ; </subfield>
      <subfield code="a">590 p. : </subfield>
      <subfield code="b">il. ; </subfield>
      <subfield code="a">315 p. : </subfield>
      <subfield code="a">394 p. : </subfield>
      <subfield code="a">350 p. : </subfield>
      <subfield code="a">162 p. : </subfield>
      <subfield code="a">xv, 383 p. : </subfield>
      <subfield code="b">cuadros ; </subfield>
      <subfield code="a">176 p. : </subfield>
      <subfield code="b">il. ; </subfield>
      <subfield code="a">176 p. : </subfield>
      <subfield code="b">il. ; </subfield>
      <subfield code="a">414 p. : </subfield>
      <subfield code="b">il. ; </subfield>
      <subfield code="a">2 v. : </subfield>
      <subfield code="a">146 p. : </subfield>
      <subfield code="a">118 p. : </subfield>
      <subfield code="a">111 p. : </subfield>
      <subfield code="a">315 p. : </subfield>
      <subfield code="a">269 p. : </subfield>
      <subfield code="a">432 p. : </subfield>
      <subfield code="a">397 p. : </subfield>
      <subfield code="a">111 p. : </subfield>
      <subfield code="b">il. ; </subfield>
      <subfield code="a">273 p. : </subfield>
      <subfield code="a">224 p. : </subfield>
      <subfield code="a">245 p. : </subfield>
      <subfield code="a">567 p. : </subfield>
      <subfield code="a">x, 270 p. : </subfield>
      <subfield code="b">il. ; </subfield>
      <subfield code="a">929 p. : </subfield>
      <subfield code="b">il. ; </subfield>
      <subfield code="a">164 p. : </subfield>
      <subfield code="b">il. ; </subfield>
      <subfield code="a">xx, 674 p. : </subfield>
      <subfield code="b">il. ; </subfield>
      <subfield code="e">1 CD-ROM en bolsillo</subfield>
    </datafield>
    <datafield tag="942" ind1=" " ind2=" ">
      <subfield code="c">BK</subfield>
    </datafield>
    <datafield tag="952" ind1=" " ind2=" ">
      <subfield code="a">BIB_UARG</subfield>
      <subfield code="b">BIB_UARG</subfield>
      <subfield code="d">2012-09-05</subfield>
      <subfield code="y">BK</subfield>
      <subfield code="p">05-43034</subfield>
    </datafield>
  </record>