
  <record>
    <leader>01000aam  22002601a 4500</leader>
    <controlfield tag="001">YPZ95994</controlfield>
    <controlfield tag="003">YPZ</controlfield>
    <controlfield tag="005">201209111246120</controlfield>
    <controlfield tag="008">120911|###########||||||b||||||||||spa|d</controlfield>
    <datafield tag="020" ind1=" " ind2=" ">
      <subfield code="a">9701508874</subfield>
    </datafield>
    <datafield tag="040" ind1=" " ind2=" ">
      <subfield code="c">SIUNPA</subfield>
    </datafield>
    <datafield tag="041" ind1=" " ind2=" ">
      <subfield code="a">spa</subfield>
    </datafield>
    <datafield tag="044" ind1=" " ind2=" ">
      <subfield code="a">MX</subfield>
    </datafield>
    <datafield tag="082" ind1=" " ind2=" ">
      <subfield code="a">331.101.1 C539l</subfield>
    </datafield>
    <datafield tag="100" ind1=" " ind2=" ">
      <subfield code="a">Chiner Dasí, Mercedes.</subfield>
    </datafield>
    <datafield tag="700" ind1=" " ind2=" ">
      <subfield code="a">Diego Más, José Antonio.</subfield>
    </datafield>
    <datafield tag="700" ind1=" " ind2=" ">
      <subfield code="a">Alcalde Marzal, Jorge.</subfield>
    </datafield>
    <datafield tag="245" ind1=" " ind2=" ">
      <subfield code="a">Laboratorio de Ergonomía</subfield>
    </datafield>
    <datafield tag="250" ind1=" " ind2=" ">
      <subfield code="a">1a ed., 5a reimpr.</subfield>
    </datafield>
    <datafield tag="260" ind1=" " ind2=" ">
      <subfield code="a">México, D.F.</subfield>
      <subfield code="b"> : Alfaomega</subfield>
      <subfield code="c"> , 2011</subfield>
    </datafield>
    <datafield tag="300" ind1=" " ind2=" ">
      <subfield code="a">xix, 703 p. : </subfield>
      <subfield code="b">il. ; </subfield>
      <subfield code="a">243 p. : </subfield>
      <subfield code="a">191 p. : </subfield>
      <subfield code="a">184 p. : </subfield>
      <subfield code="a">xii, 460 p. : </subfield>
      <subfield code="b">il. ; </subfield>
      <subfield code="a">152 p. : </subfield>
      <subfield code="b">il. ; </subfield>
      <subfield code="a">343 p. : </subfield>
      <subfield code="b">il. ; </subfield>
      <subfield code="a">351 p. : </subfield>
      <subfield code="a">x, 293 p. : </subfield>
      <subfield code="b">il. ; </subfield>
      <subfield code="a">273 p. : </subfield>
      <subfield code="a">154 p. : </subfield>
      <subfield code="a">159 p. : </subfield>
      <subfield code="a">174 p. : </subfield>
      <subfield code="a">2 v. : </subfield>
      <subfield code="b">il. ; </subfield>
      <subfield code="a">365 p. : </subfield>
      <subfield code="a">125 p. : </subfield>
      <subfield code="a">340 p. : </subfield>
      <subfield code="b">il. ; </subfield>
      <subfield code="a">371 p. : </subfield>
      <subfield code="a">336 p. : </subfield>
      <subfield code="a">63 p. : </subfield>
      <subfield code="a">273 p. : </subfield>
      <subfield code="a">273 p. : </subfield>
      <subfield code="a">179 p. : </subfield>
      <subfield code="a">260 p. : </subfield>
      <subfield code="b">il. ; </subfield>
      <subfield code="a">236 p. : </subfield>
      <subfield code="b">il. ; </subfield>
      <subfield code="a">204 p. : </subfield>
      <subfield code="a">283 p. : </subfield>
      <subfield code="b">il. ; </subfield>
      <subfield code="a">211 p. : </subfield>
      <subfield code="b">il. ; </subfield>
      <subfield code="e">1 CD-ROM en bolsillo</subfield>
    </datafield>
    <datafield tag="942" ind1=" " ind2=" ">
      <subfield code="c">BK</subfield>
    </datafield>
    <datafield tag="952" ind1=" " ind2=" ">
      <subfield code="a">BIB_UART</subfield>
      <subfield code="b">BIB_UART</subfield>
      <subfield code="d">2012-09-10</subfield>
      <subfield code="y">BK</subfield>
      <subfield code="p">03-43081</subfield>
    </datafield>
  </record>