
  <record>
    <leader>01000aam  22002601a 4500</leader>
    <controlfield tag="001">YPZ95998</controlfield>
    <controlfield tag="003">YPZ</controlfield>
    <controlfield tag="005">201209111410530</controlfield>
    <controlfield tag="008">120911|###########||||||b||||||||||spa|d</controlfield>
    <datafield tag="020" ind1=" " ind2=" ">
      <subfield code="a">9788478273232</subfield>
    </datafield>
    <datafield tag="040" ind1=" " ind2=" ">
      <subfield code="c">SIUNPA</subfield>
    </datafield>
    <datafield tag="041" ind1=" " ind2=" ">
      <subfield code="a">spa</subfield>
    </datafield>
    <datafield tag="044" ind1=" " ind2=" ">
      <subfield code="a">ES</subfield>
    </datafield>
    <datafield tag="082" ind1=" " ind2=" ">
      <subfield code="a">371.13 P455de</subfield>
    </datafield>
    <datafield tag="100" ind1=" " ind2=" ">
      <subfield code="a">Perrenoud, Philippe.</subfield>
    </datafield>
    <datafield tag="245" ind1=" " ind2=" ">
      <subfield code="a">Desarrollar la práctica reflexiva en el oficio de enseñar</subfield>
      <subfield code="b"> : profesionalización y razón pedagógica</subfield>
      <subfield code="c"> / Tort, Antoni, rev. técnica ; Riambau, Núria, tr.</subfield>
    </datafield>
    <datafield tag="250" ind1=" " ind2=" ">
      <subfield code="a">1a ed., 6a reimpr.</subfield>
    </datafield>
    <datafield tag="260" ind1=" " ind2=" ">
      <subfield code="a">Barcelona</subfield>
      <subfield code="b"> : Graó</subfield>
      <subfield code="c"> , 2010</subfield>
    </datafield>
    <datafield tag="440" ind1=" " ind2=" ">
      <subfield code="a">Colección aula multiple</subfield>
      <subfield code="a">Colección enfoques y perspectivas</subfield>
      <subfield code="a">Crítica y fundamentos. Serie formación del profesorado</subfield>
      <subfield code="v">1</subfield>
    </datafield>
    <datafield tag="490" ind1=" " ind2=" ">
      <subfield code="a">Colección aula multiple</subfield>
      <subfield code="a">Colección enfoques y perspectivas</subfield>
      <subfield code="a">Crítica y fundamentos. Serie formación del profesorado</subfield>
      <subfield code="v">1</subfield>
    </datafield>
    <datafield tag="942" ind1=" " ind2=" ">
      <subfield code="c">BK</subfield>
    </datafield>
    <datafield tag="952" ind1=" " ind2=" ">
      <subfield code="a">BIB_UASJ</subfield>
      <subfield code="b">BIB_UASJ</subfield>
      <subfield code="d">2012-09-12</subfield>
      <subfield code="y">BK</subfield>
      <subfield code="p">04-43143</subfield>
    </datafield>
  </record>