
  <record>
    <leader>01000aam  22002601a 4500</leader>
    <controlfield tag="001">YPZ96012</controlfield>
    <controlfield tag="003">YPZ</controlfield>
    <controlfield tag="005">201209111732550</controlfield>
    <controlfield tag="008">120911|###########||||||b||||||||||spa|d</controlfield>
    <datafield tag="040" ind1=" " ind2=" ">
      <subfield code="c">SIUNPA</subfield>
    </datafield>
    <datafield tag="041" ind1=" " ind2=" ">
      <subfield code="a">spa</subfield>
    </datafield>
    <datafield tag="044" ind1=" " ind2=" ">
      <subfield code="a">AR</subfield>
    </datafield>
    <datafield tag="082" ind1=" " ind2=" ">
      <subfield code="a">159.9.072 S839o</subfield>
    </datafield>
    <datafield tag="100" ind1=" " ind2=" ">
      <subfield code="a">Stern, Erich.</subfield>
    </datafield>
    <datafield tag="700" ind1=" " ind2=" ">
      <subfield code="a">Creegan, Robert F..</subfield>
    </datafield>
    <datafield tag="245" ind1=" " ind2=" ">
      <subfield code="a">La observación y los tests en psicología clínica</subfield>
      <subfield code="c"> / Bernstein, Jaime, supervisión</subfield>
    </datafield>
    <datafield tag="260" ind1=" " ind2=" ">
      <subfield code="a">Buenos Aires</subfield>
      <subfield code="b"> : Paidós</subfield>
      <subfield code="c"> , 1967</subfield>
    </datafield>
    <datafield tag="440" ind1=" " ind2=" ">
      <subfield code="a">Schaum</subfield>
      <subfield code="a">Los fundamentales / Eudeba</subfield>
      <subfield code="a">Biblioteca de psicometría y psicodiagnóstico. Serie menor</subfield>
      <subfield code="v">10</subfield>
    </datafield>
    <datafield tag="490" ind1=" " ind2=" ">
      <subfield code="a">Schaum</subfield>
      <subfield code="a">Los fundamentales / Eudeba</subfield>
      <subfield code="a">Biblioteca de psicometría y psicodiagnóstico. Serie menor</subfield>
      <subfield code="v">10</subfield>
    </datafield>
    <datafield tag="942" ind1=" " ind2=" ">
      <subfield code="c">BK</subfield>
    </datafield>
    <datafield tag="952" ind1=" " ind2=" ">
      <subfield code="a">BIB_UARG</subfield>
      <subfield code="b">BIB_UARG</subfield>
      <subfield code="d">2012-09-11</subfield>
      <subfield code="y">BK</subfield>
      <subfield code="p">05-05645</subfield>
    </datafield>
  </record>