
  <record>
    <leader>01000aam  22002601a 4500</leader>
    <controlfield tag="001">YPZ96031</controlfield>
    <controlfield tag="003">YPZ</controlfield>
    <controlfield tag="005">201209121836530</controlfield>
    <controlfield tag="008">120912|###########||||||b||||||||||spa|d</controlfield>
    <datafield tag="020" ind1=" " ind2=" ">
      <subfield code="a">8497727509</subfield>
    </datafield>
    <datafield tag="040" ind1=" " ind2=" ">
      <subfield code="c">SIUNPA</subfield>
    </datafield>
    <datafield tag="041" ind1=" " ind2=" ">
      <subfield code="a">spa</subfield>
    </datafield>
    <datafield tag="044" ind1=" " ind2=" ">
      <subfield code="a">ES</subfield>
    </datafield>
    <datafield tag="082" ind1=" " ind2=" ">
      <subfield code="a">004.65 M333d</subfield>
    </datafield>
    <datafield tag="100" ind1=" " ind2=" ">
      <subfield code="a">Marcos Martínez, Esperanza.</subfield>
    </datafield>
    <datafield tag="700" ind1=" " ind2=" ">
      <subfield code="a">Vela, Belén.</subfield>
    </datafield>
    <datafield tag="700" ind1=" " ind2=" ">
      <subfield code="a">Vara, Juan M..</subfield>
    </datafield>
    <datafield tag="245" ind1=" " ind2=" ">
      <subfield code="a">Diseño de bases de datos objeto-relacionales con UML</subfield>
    </datafield>
    <datafield tag="260" ind1=" " ind2=" ">
      <subfield code="a">Madrid</subfield>
      <subfield code="b"> : Servicio de Publicaciones, Universidad Rey Juan Carlos</subfield>
      <subfield code="b"> : </subfield>
      <subfield code="b"> : Dykinson</subfield>
      <subfield code="c"> , 2005</subfield>
    </datafield>
    <datafield tag="440" ind1=" " ind2=" ">
      <subfield code="a">Colección temas</subfield>
      <subfield code="a">Colección ciencias cognitivas</subfield>
      <subfield code="a">Sección de obras de ciencia y tecnología</subfield>
      <subfield code="a">Ciencias experimetales y tecnología</subfield>
      <subfield code="v">7</subfield>
    </datafield>
    <datafield tag="490" ind1=" " ind2=" ">
      <subfield code="a">Colección temas</subfield>
      <subfield code="a">Colección ciencias cognitivas</subfield>
      <subfield code="a">Sección de obras de ciencia y tecnología</subfield>
      <subfield code="a">Ciencias experimetales y tecnología</subfield>
      <subfield code="v">7</subfield>
    </datafield>
    <datafield tag="942" ind1=" " ind2=" ">
      <subfield code="c">BK</subfield>
    </datafield>
    <datafield tag="952" ind1=" " ind2=" ">
      <subfield code="a">BIB_UART</subfield>
      <subfield code="b">BIB_UART</subfield>
      <subfield code="d">2012-09-12</subfield>
      <subfield code="y">BK</subfield>
      <subfield code="p">03-43157</subfield>
    </datafield>
  </record>