
  <record>
    <leader>01000aam  22002601a 4500</leader>
    <controlfield tag="001">YPZ96033</controlfield>
    <controlfield tag="003">YPZ</controlfield>
    <controlfield tag="005">201209131439300</controlfield>
    <controlfield tag="008">120913|###########||||||b||||||||||spa|d</controlfield>
    <datafield tag="020" ind1=" " ind2=" ">
      <subfield code="a">9788441525924</subfield>
    </datafield>
    <datafield tag="040" ind1=" " ind2=" ">
      <subfield code="c">SIUNPA</subfield>
    </datafield>
    <datafield tag="041" ind1=" " ind2=" ">
      <subfield code="a">spa</subfield>
    </datafield>
    <datafield tag="044" ind1=" " ind2=" ">
      <subfield code="a">ES</subfield>
    </datafield>
    <datafield tag="082" ind1=" " ind2=" ">
      <subfield code="a">004.738.5 P267d</subfield>
    </datafield>
    <datafield tag="100" ind1=" " ind2=" ">
      <subfield code="a">Parsons, David.</subfield>
    </datafield>
    <datafield tag="245" ind1=" " ind2=" ">
      <subfield code="a">Desarrollo de aplicaciones Web dinámicas con XML y Java</subfield>
      <subfield code="c"> / Tarancón Faus, Sergio, tr.</subfield>
    </datafield>
    <datafield tag="260" ind1=" " ind2=" ">
      <subfield code="a">Madrid</subfield>
      <subfield code="b"> : Anaya Multimedia</subfield>
      <subfield code="c"> , 2009</subfield>
    </datafield>
    <datafield tag="300" ind1=" " ind2=" ">
      <subfield code="a">350 p. : </subfield>
      <subfield code="a">199 p. : </subfield>
      <subfield code="a">120 p. : </subfield>
      <subfield code="a">x, 188 p. : </subfield>
      <subfield code="a">150 p. : </subfield>
      <subfield code="a">113 p. : </subfield>
      <subfield code="a">165 p. : </subfield>
      <subfield code="b">il. ; </subfield>
      <subfield code="a">138 p. : </subfield>
      <subfield code="a">279 p. : </subfield>
      <subfield code="a">181 p. : </subfield>
      <subfield code="a">189 p. : </subfield>
      <subfield code="a">150  p. : </subfield>
      <subfield code="a">353 p. : </subfield>
      <subfield code="b">il. ; </subfield>
      <subfield code="a">305 p. : </subfield>
      <subfield code="b">cuadros ; </subfield>
      <subfield code="a">xxv, 1039 p. : </subfield>
      <subfield code="b">il. ; </subfield>
      <subfield code="a">192 p. : </subfield>
      <subfield code="b">il. ; </subfield>
      <subfield code="a">260 p. : </subfield>
      <subfield code="b">il. ; </subfield>
      <subfield code="a">x, 292 p. : </subfield>
      <subfield code="b">il. ; </subfield>
      <subfield code="a">xvi, 519 p. : </subfield>
      <subfield code="b">il. ; </subfield>
      <subfield code="a">797 p. : </subfield>
      <subfield code="b">il. ; </subfield>
      <subfield code="a">70 p. : </subfield>
      <subfield code="b">il. ; </subfield>
      <subfield code="a">704 p. : </subfield>
      <subfield code="b">il. ; </subfield>
      <subfield code="a">736 p. : </subfield>
      <subfield code="b">il. ; </subfield>
      <subfield code="e">1 CD-ROM en bolsillo</subfield>
    </datafield>
    <datafield tag="942" ind1=" " ind2=" ">
      <subfield code="c">BK</subfield>
    </datafield>
    <datafield tag="952" ind1=" " ind2=" ">
      <subfield code="a">BIB_UARG</subfield>
      <subfield code="b">BIB_UARG</subfield>
      <subfield code="d">2012-09-13</subfield>
      <subfield code="y">BK</subfield>
      <subfield code="p">05-43170</subfield>
    </datafield>
  </record>