
  <record>
    <leader>01000aam  22002601a 4500</leader>
    <controlfield tag="001">YPZ96043</controlfield>
    <controlfield tag="003">YPZ</controlfield>
    <controlfield tag="005">201209131607170</controlfield>
    <controlfield tag="008">120913|###########||||||b||||||||||spa|d</controlfield>
    <datafield tag="020" ind1=" " ind2=" ">
      <subfield code="a">0131226878 (libro)</subfield>
    </datafield>
    <datafield tag="020" ind1=" " ind2=" ">
      <subfield code="a">0130882399 (CDROM)</subfield>
    </datafield>
    <datafield tag="040" ind1=" " ind2=" ">
      <subfield code="c">SIUNPA</subfield>
    </datafield>
    <datafield tag="041" ind1=" " ind2=" ">
      <subfield code="a">eng</subfield>
    </datafield>
    <datafield tag="044" ind1=" " ind2=" ">
      <subfield code="a">US</subfield>
    </datafield>
    <datafield tag="082" ind1=" " ind2=" ">
      <subfield code="a">556.3 F431a4</subfield>
    </datafield>
    <datafield tag="100" ind1=" " ind2=" ">
      <subfield code="a">Fetter, C.W..</subfield>
    </datafield>
    <datafield tag="245" ind1=" " ind2=" ">
      <subfield code="a">Applied hydrogeology</subfield>
    </datafield>
    <datafield tag="250" ind1=" " ind2=" ">
      <subfield code="a">4th ed.</subfield>
    </datafield>
    <datafield tag="260" ind1=" " ind2=" ">
      <subfield code="a">Upper Saddle River, N.J.</subfield>
      <subfield code="b"> : Pearson Education</subfield>
      <subfield code="c"> , 2001</subfield>
    </datafield>
    <datafield tag="300" ind1=" " ind2=" ">
      <subfield code="a">xx, 426 p. : </subfield>
      <subfield code="b">il. ; </subfield>
      <subfield code="a">702 p. : </subfield>
      <subfield code="a">xiv, 450 p. : </subfield>
      <subfield code="b">il. ; </subfield>
      <subfield code="a">xxi, 513 p. : </subfield>
      <subfield code="b">il. ; </subfield>
      <subfield code="a">327 p. : </subfield>
      <subfield code="b">il. ; </subfield>
      <subfield code="a">xxv, [506] en varias paginaciones : </subfield>
      <subfield code="a">xxvi, 467 p. : </subfield>
      <subfield code="b">il. ; </subfield>
      <subfield code="a">250 p. : </subfield>
      <subfield code="a">474 p. : </subfield>
      <subfield code="b">il. ; </subfield>
      <subfield code="a">xviii, 598 p. : </subfield>
      <subfield code="b">il. ; </subfield>
      <subfield code="e">1 CD-ROM en bolsillo</subfield>
    </datafield>
    <datafield tag="942" ind1=" " ind2=" ">
      <subfield code="c">BK</subfield>
    </datafield>
    <datafield tag="952" ind1=" " ind2=" ">
      <subfield code="a">BIB_UARG</subfield>
      <subfield code="b">BIB_UARG</subfield>
      <subfield code="d">2012-09-13</subfield>
      <subfield code="y">BK</subfield>
      <subfield code="p">05-43161</subfield>
    </datafield>
  </record>