
  <record>
    <leader>01000aam  22002601a 4500</leader>
    <controlfield tag="001">YPZ96066</controlfield>
    <controlfield tag="003">YPZ</controlfield>
    <controlfield tag="005">201209251401050</controlfield>
    <controlfield tag="008">120925|###########||||||b||||||||||spa|d</controlfield>
    <datafield tag="020" ind1=" " ind2=" ">
      <subfield code="a">9502515099</subfield>
    </datafield>
    <datafield tag="040" ind1=" " ind2=" ">
      <subfield code="c">SIUNPA</subfield>
    </datafield>
    <datafield tag="041" ind1=" " ind2=" ">
      <subfield code="a">spa</subfield>
    </datafield>
    <datafield tag="044" ind1=" " ind2=" ">
      <subfield code="a">AR</subfield>
    </datafield>
    <datafield tag="082" ind1=" " ind2=" ">
      <subfield code="a">338.45 S523g</subfield>
    </datafield>
    <datafield tag="100" ind1=" " ind2=" ">
      <subfield code="a">Sguiglia, Eduardo.</subfield>
    </datafield>
    <datafield tag="245" ind1=" " ind2=" ">
      <subfield code="a">Los grandes grupos industriales en la Argentina actual</subfield>
      <subfield code="b"> : estado y sociedad</subfield>
      <subfield code="c"> / Dorfman, Adolfo, pról.</subfield>
    </datafield>
    <datafield tag="260" ind1=" " ind2=" ">
      <subfield code="a">Buenos Aires</subfield>
      <subfield code="b"> : Centro Editor de América Latina</subfield>
      <subfield code="c"> , 1988</subfield>
    </datafield>
    <datafield tag="440" ind1=" " ind2=" ">
      <subfield code="a">Manuales profesionales / Centro de Formación de RTVE</subfield>
      <subfield code="a">Comunicación / Editora Nacional</subfield>
      <subfield code="a">Biblioteca política argentina</subfield>
      <subfield code="v">240</subfield>
    </datafield>
    <datafield tag="490" ind1=" " ind2=" ">
      <subfield code="a">Manuales profesionales / Centro de Formación de RTVE</subfield>
      <subfield code="a">Comunicación / Editora Nacional</subfield>
      <subfield code="a">Biblioteca política argentina</subfield>
      <subfield code="v">240</subfield>
    </datafield>
    <datafield tag="942" ind1=" " ind2=" ">
      <subfield code="c">BK</subfield>
    </datafield>
    <datafield tag="952" ind1=" " ind2=" ">
      <subfield code="a">BIB_UARG</subfield>
      <subfield code="b">BIB_UARG</subfield>
      <subfield code="d">2012-09-25</subfield>
      <subfield code="y">BK</subfield>
      <subfield code="p">05-07842</subfield>
    </datafield>
  </record>