
  <record>
    <leader>01000aam  22002601a 4500</leader>
    <controlfield tag="001">YPZ96090</controlfield>
    <controlfield tag="003">YPZ</controlfield>
    <controlfield tag="005">201209261839510</controlfield>
    <controlfield tag="008">120926|###########||||||b||||||||||spa|d</controlfield>
    <datafield tag="020" ind1=" " ind2=" ">
      <subfield code="a">847032029X</subfield>
    </datafield>
    <datafield tag="040" ind1=" " ind2=" ">
      <subfield code="c">SIUNPA</subfield>
    </datafield>
    <datafield tag="041" ind1=" " ind2=" ">
      <subfield code="a">spa</subfield>
    </datafield>
    <datafield tag="044" ind1=" " ind2=" ">
      <subfield code="a">ES</subfield>
    </datafield>
    <datafield tag="082" ind1=" " ind2=" ">
      <subfield code="a">821.124'02 T316c</subfield>
    </datafield>
    <datafield tag="100" ind1=" " ind2=" ">
      <subfield code="a">Terencio.</subfield>
    </datafield>
    <datafield tag="700" ind1=" " ind2=" ">
      <subfield code="a">Publius Terentius Afer.</subfield>
    </datafield>
    <datafield tag="245" ind1=" " ind2=" ">
      <subfield code="a">Comedias</subfield>
      <subfield code="c"> / Voltes Bou, Pedro, tr. del latín y pról.</subfield>
    </datafield>
    <datafield tag="250" ind1=" " ind2=" ">
      <subfield code="a">3a ed.</subfield>
    </datafield>
    <datafield tag="260" ind1=" " ind2=" ">
      <subfield code="a">Barcelona</subfield>
      <subfield code="b"> : Iberia</subfield>
      <subfield code="c"> , 1976</subfield>
    </datafield>
    <datafield tag="505" ind1="0" ind2="0">
      <subfield code="g">p. 13-65</subfield>
      <subfield code="g">- LITERATURA LATINA|- TEATRO</subfield>
      <subfield code="r">Terencio</subfield>
      <subfield code="t">Andria</subfield>
    </datafield>
    <datafield tag="505" ind1="0" ind2="0">
      <subfield code="g">p. 67-118</subfield>
      <subfield code="g">- LITERATURA LATINA|- TEATRO</subfield>
      <subfield code="r">Terencio</subfield>
      <subfield code="t">El verdugo de sí mismo</subfield>
    </datafield>
    <datafield tag="505" ind1="0" ind2="0">
      <subfield code="g">p. 119-173</subfield>
      <subfield code="g">- LITERATURA LATINA|- TEATRO</subfield>
      <subfield code="r">Terencio</subfield>
      <subfield code="t">El eunuco</subfield>
    </datafield>
    <datafield tag="505" ind1="0" ind2="0">
      <subfield code="g">p. 175-228</subfield>
      <subfield code="g">- LITERATURA LATINA|- TEATRO</subfield>
      <subfield code="r">Terencio</subfield>
      <subfield code="t">Formión</subfield>
    </datafield>
    <datafield tag="505" ind1="0" ind2="0">
      <subfield code="g">p. 229-268</subfield>
      <subfield code="g">- LITERATURA LATINA|- TEATRO</subfield>
      <subfield code="r">Terencio</subfield>
      <subfield code="t">La hecyra</subfield>
    </datafield>
    <datafield tag="505" ind1="0" ind2="0">
      <subfield code="g">p. 269-317</subfield>
      <subfield code="g">- LITERATURA LATINA|- TEATRO</subfield>
      <subfield code="r">Terencio</subfield>
      <subfield code="t">Los hermanos</subfield>
    </datafield>
    <datafield tag="773" ind1="0" ind2="#">
      <subfield code="a">Terencio</subfield>
      <subfield code="g">- LITERATURA LATINA|- TEATRO</subfield>
      <subfield code="h">p. 13-65</subfield>
      <subfield code="t">Andria</subfield>
    </datafield>
    <datafield tag="773" ind1="0" ind2="#">
      <subfield code="a">Terencio</subfield>
      <subfield code="g">- LITERATURA LATINA|- TEATRO</subfield>
      <subfield code="h">p. 67-118</subfield>
      <subfield code="t">El verdugo de sí mismo</subfield>
    </datafield>
    <datafield tag="773" ind1="0" ind2="#">
      <subfield code="a">Terencio</subfield>
      <subfield code="g">- LITERATURA LATINA|- TEATRO</subfield>
      <subfield code="h">p. 119-173</subfield>
      <subfield code="t">El eunuco</subfield>
    </datafield>
    <datafield tag="773" ind1="0" ind2="#">
      <subfield code="a">Terencio</subfield>
      <subfield code="g">- LITERATURA LATINA|- TEATRO</subfield>
      <subfield code="h">p. 175-228</subfield>
      <subfield code="t">Formión</subfield>
    </datafield>
    <datafield tag="773" ind1="0" ind2="#">
      <subfield code="a">Terencio</subfield>
      <subfield code="g">- LITERATURA LATINA|- TEATRO</subfield>
      <subfield code="h">p. 229-268</subfield>
      <subfield code="t">La hecyra</subfield>
    </datafield>
    <datafield tag="773" ind1="0" ind2="#">
      <subfield code="a">Terencio</subfield>
      <subfield code="g">- LITERATURA LATINA|- TEATRO</subfield>
      <subfield code="h">p. 269-317</subfield>
      <subfield code="t">Los hermanos</subfield>
    </datafield>
    <datafield tag="942" ind1=" " ind2=" ">
      <subfield code="c">BK</subfield>
    </datafield>
    <datafield tag="952" ind1=" " ind2=" ">
      <subfield code="a">BIB_UARG</subfield>
      <subfield code="b">BIB_UARG</subfield>
      <subfield code="d">2012-09-26</subfield>
      <subfield code="y">BK</subfield>
      <subfield code="p">05-03054</subfield>
    </datafield>
  </record>