
  <record>
    <leader>01000aam  22002601a 4500</leader>
    <controlfield tag="001">YPZ96095</controlfield>
    <controlfield tag="003">YPZ</controlfield>
    <controlfield tag="005">201209271428520</controlfield>
    <controlfield tag="008">120927|###########||||||b||||||||||spa|d</controlfield>
    <datafield tag="020" ind1=" " ind2=" ">
      <subfield code="a">9684323182</subfield>
    </datafield>
    <datafield tag="040" ind1=" " ind2=" ">
      <subfield code="c">SIUNPA</subfield>
    </datafield>
    <datafield tag="041" ind1=" " ind2=" ">
      <subfield code="a">spa</subfield>
    </datafield>
    <datafield tag="044" ind1=" " ind2=" ">
      <subfield code="a">MX</subfield>
    </datafield>
    <datafield tag="082" ind1=" " ind2=" ">
      <subfield code="a">821.134.2(72) N456a</subfield>
    </datafield>
    <datafield tag="100" ind1=" " ind2=" ">
      <subfield code="a">Nervo, Amado, seud..</subfield>
    </datafield>
    <datafield tag="700" ind1=" " ind2=" ">
      <subfield code="a">Ruiz de Nervo, Juan Crisóstomo.</subfield>
    </datafield>
    <datafield tag="245" ind1=" " ind2=" ">
      <subfield code="a">La amada inmóvil</subfield>
      <subfield code="c"> / Mejía Sánchez, Ernesto, pról.</subfield>
    </datafield>
    <datafield tag="250" ind1=" " ind2=" ">
      <subfield code="a">5a ed.</subfield>
    </datafield>
    <datafield tag="260" ind1=" " ind2=" ">
      <subfield code="a">México, D.F.</subfield>
      <subfield code="b"> : Porrúa</subfield>
      <subfield code="c"> , 1979</subfield>
    </datafield>
    <datafield tag="505" ind1="0" ind2="0">
      <subfield code="g">p. 97-165</subfield>
      <subfield code="g">- LITERATURA MEXICANA|- POESIA</subfield>
      <subfield code="r">Nervo, Amado</subfield>
      <subfield code="t">Serenidad</subfield>
    </datafield>
    <datafield tag="505" ind1="0" ind2="0">
      <subfield code="g">p. 169-215</subfield>
      <subfield code="g">- LITERATURA MEXICANA|- POESIA</subfield>
      <subfield code="r">Nervo, Amado</subfield>
      <subfield code="t">Elevación</subfield>
    </datafield>
    <datafield tag="505" ind1="0" ind2="0">
      <subfield code="g">p. 219-225</subfield>
      <subfield code="g">- LITERATURA MEXICANA|- POESIA</subfield>
      <subfield code="r">Nervo, Amado</subfield>
      <subfield code="t">La última luna</subfield>
    </datafield>
    <datafield tag="773" ind1="0" ind2="#">
      <subfield code="a">Nervo, Amado</subfield>
      <subfield code="g">- LITERATURA MEXICANA|- POESIA</subfield>
      <subfield code="h">p. 97-165</subfield>
      <subfield code="t">Serenidad</subfield>
    </datafield>
    <datafield tag="773" ind1="0" ind2="#">
      <subfield code="a">Nervo, Amado</subfield>
      <subfield code="g">- LITERATURA MEXICANA|- POESIA</subfield>
      <subfield code="h">p. 169-215</subfield>
      <subfield code="t">Elevación</subfield>
    </datafield>
    <datafield tag="773" ind1="0" ind2="#">
      <subfield code="a">Nervo, Amado</subfield>
      <subfield code="g">- LITERATURA MEXICANA|- POESIA</subfield>
      <subfield code="h">p. 219-225</subfield>
      <subfield code="t">La última luna</subfield>
    </datafield>
    <datafield tag="942" ind1=" " ind2=" ">
      <subfield code="c">BK</subfield>
    </datafield>
    <datafield tag="952" ind1=" " ind2=" ">
      <subfield code="a">BIB_UARG</subfield>
      <subfield code="b">BIB_UARG</subfield>
      <subfield code="d">2012-09-27</subfield>
      <subfield code="y">BK</subfield>
      <subfield code="p">05-03055</subfield>
    </datafield>
  </record>