
  <record>
    <leader>01000aam  22002601a 4500</leader>
    <controlfield tag="001">YPZ96112</controlfield>
    <controlfield tag="003">YPZ</controlfield>
    <controlfield tag="005">201209271820560</controlfield>
    <controlfield tag="008">120927|###########||||||b||||||||||spa|d</controlfield>
    <datafield tag="040" ind1=" " ind2=" ">
      <subfield code="c">SIUNPA</subfield>
    </datafield>
    <datafield tag="041" ind1=" " ind2=" ">
      <subfield code="a">spa</subfield>
    </datafield>
    <datafield tag="044" ind1=" " ind2=" ">
      <subfield code="a">AR</subfield>
    </datafield>
    <datafield tag="082" ind1=" " ind2=" ">
      <subfield code="a">821.134.2.09 B398g</subfield>
    </datafield>
    <datafield tag="245" ind1=" " ind2=" ">
      <subfield code="a">Gustavo Adolfo Bécquer</subfield>
      <subfield code="b"> : (estudios reunidos en conmemoración del centenario). 1870-1970</subfield>
      <subfield code="c"> / Universidad Nacional. Instituto de Literaturas Neolatinas, comp.</subfield>
    </datafield>
    <datafield tag="250" ind1=" " ind2=" ">
      <subfield code="a">1a. ed</subfield>
    </datafield>
    <datafield tag="260" ind1=" " ind2=" ">
      <subfield code="a">La Plata</subfield>
      <subfield code="b"> : Universidad Nacional de La Plata. Facultad de Humanidades y Ciencias de la Educación. Departamento de Letras. Instituto de Literaturas Neo-Latinas</subfield>
      <subfield code="c"> , 1971</subfield>
    </datafield>
    <datafield tag="440" ind1=" " ind2=" ">
      <subfield code="a">Libros fundamentales</subfield>
      <subfield code="a">Biblioteca filosófica</subfield>
      <subfield code="a">Colección argentina. Teatro</subfield>
      <subfield code="a">La escuela en el tiempo</subfield>
      <subfield code="a">Manuales de Eudeba. Antropología</subfield>
      <subfield code="a">Trabajos, comunicaciones y conferencias</subfield>
      <subfield code="v">12</subfield>
    </datafield>
    <datafield tag="490" ind1=" " ind2=" ">
      <subfield code="a">Libros fundamentales</subfield>
      <subfield code="a">Biblioteca filosófica</subfield>
      <subfield code="a">Colección argentina. Teatro</subfield>
      <subfield code="a">La escuela en el tiempo</subfield>
      <subfield code="a">Manuales de Eudeba. Antropología</subfield>
      <subfield code="a">Trabajos, comunicaciones y conferencias</subfield>
      <subfield code="v">12</subfield>
    </datafield>
    <datafield tag="942" ind1=" " ind2=" ">
      <subfield code="c">BK</subfield>
    </datafield>
    <datafield tag="952" ind1=" " ind2=" ">
      <subfield code="a">BIB_UARG</subfield>
      <subfield code="b">BIB_UARG</subfield>
      <subfield code="d">2012-09-27</subfield>
      <subfield code="y">BK</subfield>
      <subfield code="p">05-01373</subfield>
    </datafield>
  </record>