
  <record>
    <leader>01000aam  22002601a 4500</leader>
    <controlfield tag="001">YPZ96119</controlfield>
    <controlfield tag="003">YPZ</controlfield>
    <controlfield tag="005">201209281545380</controlfield>
    <controlfield tag="008">120928|###########||||||b||||||||||spa|d</controlfield>
    <datafield tag="040" ind1=" " ind2=" ">
      <subfield code="c">SIUNPA</subfield>
    </datafield>
    <datafield tag="041" ind1=" " ind2=" ">
      <subfield code="a">spa</subfield>
    </datafield>
    <datafield tag="044" ind1=" " ind2=" ">
      <subfield code="a">AR</subfield>
    </datafield>
    <datafield tag="082" ind1=" " ind2=" ">
      <subfield code="a">821.131.1.09 A776l2</subfield>
    </datafield>
    <datafield tag="100" ind1=" " ind2=" ">
      <subfield code="a">Arrighi, Paul.</subfield>
    </datafield>
    <datafield tag="245" ind1=" " ind2=" ">
      <subfield code="a">La literatura italiana</subfield>
      <subfield code="b"> : desde sus orígenes hasta nuestro días</subfield>
      <subfield code="c"> / Mercader, Marta, tr.</subfield>
    </datafield>
    <datafield tag="250" ind1=" " ind2=" ">
      <subfield code="a">2a ed.</subfield>
    </datafield>
    <datafield tag="260" ind1=" " ind2=" ">
      <subfield code="a">Buenos Aires</subfield>
      <subfield code="b"> : Eudeba</subfield>
      <subfield code="c"> , 1965</subfield>
    </datafield>
    <datafield tag="440" ind1=" " ind2=" ">
      <subfield code="a">Colección Harper</subfield>
      <subfield code="a">Matemáticas al alcance de todos</subfield>
      <subfield code="a">Biblioteca Hachette de Filosofía</subfield>
      <subfield code="a">Colección ciencia y tecnología / Marymar</subfield>
      <subfield code="a">Cuadernos de Eudeba</subfield>
      <subfield code="v">57</subfield>
    </datafield>
    <datafield tag="490" ind1=" " ind2=" ">
      <subfield code="a">Colección Harper</subfield>
      <subfield code="a">Matemáticas al alcance de todos</subfield>
      <subfield code="a">Biblioteca Hachette de Filosofía</subfield>
      <subfield code="a">Colección ciencia y tecnología / Marymar</subfield>
      <subfield code="a">Cuadernos de Eudeba</subfield>
      <subfield code="v">57</subfield>
    </datafield>
    <datafield tag="942" ind1=" " ind2=" ">
      <subfield code="c">BK</subfield>
    </datafield>
    <datafield tag="952" ind1=" " ind2=" ">
      <subfield code="a">BIB_UARG</subfield>
      <subfield code="b">BIB_UARG</subfield>
      <subfield code="d">2012-09-28</subfield>
      <subfield code="y">BK</subfield>
      <subfield code="p">05-00609</subfield>
    </datafield>
  </record>