
  <record>
    <leader>01000aam  22002601a 4500</leader>
    <controlfield tag="001">YPZ96122</controlfield>
    <controlfield tag="003">YPZ</controlfield>
    <controlfield tag="005">201209281736340</controlfield>
    <controlfield tag="008">120928|###########||||||b||||||||||spa|d</controlfield>
    <datafield tag="040" ind1=" " ind2=" ">
      <subfield code="c">SIUNPA</subfield>
    </datafield>
    <datafield tag="041" ind1=" " ind2=" ">
      <subfield code="a">spa</subfield>
    </datafield>
    <datafield tag="044" ind1=" " ind2=" ">
      <subfield code="a">AR</subfield>
    </datafield>
    <datafield tag="082" ind1=" " ind2=" ">
      <subfield code="a">821.134.2(82).09</subfield>
    </datafield>
    <datafield tag="100" ind1=" " ind2=" ">
      <subfield code="a">Ferrero, Graciela.</subfield>
    </datafield>
    <datafield tag="245" ind1=" " ind2=" ">
      <subfield code="a">El inconsciente en la creación literaria</subfield>
      <subfield code="b"> : rastreo y análisis en cuatro exponentes sudamericanos</subfield>
    </datafield>
    <datafield tag="260" ind1=" " ind2=" ">
      <subfield code="a">Santa Fé</subfield>
      <subfield code="b"> : Ministerio de Educación y Cultura de la Provincia de Santa Fé</subfield>
      <subfield code="c"> , 1980</subfield>
    </datafield>
    <datafield tag="440" ind1=" " ind2=" ">
      <subfield code="a">Serie cuadernos culturales</subfield>
      <subfield code="a">Fondo Editorial de la Provincia de Santa Fe</subfield>
      <subfield code="v">5</subfield>
    </datafield>
    <datafield tag="490" ind1=" " ind2=" ">
      <subfield code="a">Serie cuadernos culturales</subfield>
      <subfield code="a">Fondo Editorial de la Provincia de Santa Fe</subfield>
      <subfield code="v">5</subfield>
    </datafield>
    <datafield tag="500" ind1=" " ind2=" ">
      <subfield code="a">Otro subt.: Leopoldo Lugones - Eduardo Ladislao Holmberg - Oliverio Girondo - Felisberto Hernández</subfield>
    </datafield>
    <datafield tag="942" ind1=" " ind2=" ">
      <subfield code="c">BK</subfield>
    </datafield>
    <datafield tag="952" ind1=" " ind2=" ">
      <subfield code="a">BIB_UARG</subfield>
      <subfield code="b">BIB_UARG</subfield>
      <subfield code="d">2012-09-28</subfield>
      <subfield code="y">BK</subfield>
      <subfield code="p">05-02983</subfield>
    </datafield>
  </record>