
  <record>
    <leader>01000aam  22002601a 4500</leader>
    <controlfield tag="001">YPZ96129</controlfield>
    <controlfield tag="003">YPZ</controlfield>
    <controlfield tag="005">201210011332100</controlfield>
    <controlfield tag="008">121001|###########||||||b||||||||||spa|d</controlfield>
    <datafield tag="040" ind1=" " ind2=" ">
      <subfield code="c">SIUNPA</subfield>
    </datafield>
    <datafield tag="041" ind1=" " ind2=" ">
      <subfield code="a">spa</subfield>
    </datafield>
    <datafield tag="044" ind1=" " ind2=" ">
      <subfield code="a">AR</subfield>
    </datafield>
    <datafield tag="082" ind1=" " ind2=" ">
      <subfield code="a">101.1(091) J439f</subfield>
    </datafield>
    <datafield tag="100" ind1=" " ind2=" ">
      <subfield code="a">Jeauneau, Edouard.</subfield>
    </datafield>
    <datafield tag="245" ind1=" " ind2=" ">
      <subfield code="a">La filosofía medieval</subfield>
      <subfield code="c"> / Míguez, Néstor A., tr. ; Koehle, Guillermo, rev.</subfield>
    </datafield>
    <datafield tag="260" ind1=" " ind2=" ">
      <subfield code="a">Buenos Aires</subfield>
      <subfield code="b"> : Eudeba</subfield>
      <subfield code="c"> , 1965</subfield>
    </datafield>
    <datafield tag="440" ind1=" " ind2=" ">
      <subfield code="a">Serie fundamentos de la Botánica</subfield>
      <subfield code="a">Colección Psicoteca mayor</subfield>
      <subfield code="a">Temas de Eudeba. Antropología</subfield>
      <subfield code="a">Biblioteca básica universal</subfield>
      <subfield code="a">Cuadernos de Eudeba</subfield>
      <subfield code="v">137</subfield>
    </datafield>
    <datafield tag="490" ind1=" " ind2=" ">
      <subfield code="a">Serie fundamentos de la Botánica</subfield>
      <subfield code="a">Colección Psicoteca mayor</subfield>
      <subfield code="a">Temas de Eudeba. Antropología</subfield>
      <subfield code="a">Biblioteca básica universal</subfield>
      <subfield code="a">Cuadernos de Eudeba</subfield>
      <subfield code="v">137</subfield>
    </datafield>
    <datafield tag="942" ind1=" " ind2=" ">
      <subfield code="c">BK</subfield>
    </datafield>
    <datafield tag="952" ind1=" " ind2=" ">
      <subfield code="a">BIB_UARG</subfield>
      <subfield code="b">BIB_UARG</subfield>
      <subfield code="d">2012-07-04</subfield>
      <subfield code="y">BK</subfield>
      <subfield code="p">05-00818</subfield>
    </datafield>
  </record>