
  <record>
    <leader>01000aam  22002601a 4500</leader>
    <controlfield tag="001">YPZ96143</controlfield>
    <controlfield tag="003">YPZ</controlfield>
    <controlfield tag="005">201210011729300</controlfield>
    <controlfield tag="008">121001|###########||||||b||||||||||spa|d</controlfield>
    <datafield tag="020" ind1=" " ind2=" ">
      <subfield code="a">9505810530</subfield>
    </datafield>
    <datafield tag="040" ind1=" " ind2=" ">
      <subfield code="c">SIUNPA</subfield>
    </datafield>
    <datafield tag="041" ind1=" " ind2=" ">
      <subfield code="a">spa</subfield>
    </datafield>
    <datafield tag="044" ind1=" " ind2=" ">
      <subfield code="a">AR</subfield>
    </datafield>
    <datafield tag="082" ind1=" " ind2=" ">
      <subfield code="a">821.134.2(82)</subfield>
    </datafield>
    <datafield tag="245" ind1=" " ind2=" ">
      <subfield code="a">Teatro breve contemporáneo argentino</subfield>
      <subfield code="c"> / Burlando de Meyer, Elvira, introd., notas y propuestas de trabajo ; Esteve, Patricio, introd., notas y propuestas de trabajo</subfield>
    </datafield>
    <datafield tag="250" ind1=" " ind2=" ">
      <subfield code="a">1a ed., 1a reimpr.</subfield>
    </datafield>
    <datafield tag="260" ind1=" " ind2=" ">
      <subfield code="a">Buenos Aires</subfield>
      <subfield code="b"> : Colihue</subfield>
      <subfield code="c"> , 1983</subfield>
    </datafield>
    <datafield tag="440" ind1=" " ind2=" ">
      <subfield code="a">Colección literaria LyC (leer y crear)</subfield>
      <subfield code="v">53</subfield>
    </datafield>
    <datafield tag="490" ind1=" " ind2=" ">
      <subfield code="a">Colección literaria LyC (leer y crear)</subfield>
      <subfield code="v">53</subfield>
    </datafield>
    <datafield tag="505" ind1="0" ind2="0">
      <subfield code="g">p. 23-38</subfield>
      <subfield code="g">-LITERATURA ARGENTINA|-TEATRO|-ANTOLOGIA</subfield>
      <subfield code="r">Bortnik, Aída</subfield>
      <subfield code="t">Papá querido</subfield>
    </datafield>
    <datafield tag="505" ind1="0" ind2="0">
      <subfield code="g">p. 39-53</subfield>
      <subfield code="g">-LITERATURA ARGENTINA|-TEATRO|-ANTOLOGIA</subfield>
      <subfield code="r">Cossa, Roberto</subfield>
      <subfield code="t">Gris de ausencia</subfield>
    </datafield>
    <datafield tag="505" ind1="0" ind2="0">
      <subfield code="g">p. 55-76</subfield>
      <subfield code="g">-LITERATURA ARGENTINA|-TEATRO|-ANTOLOGIA</subfield>
      <subfield code="r">Gorostiza, Carlos</subfield>
      <subfield code="t">El acompañamiento</subfield>
    </datafield>
    <datafield tag="505" ind1="0" ind2="0">
      <subfield code="g">p. 77-107</subfield>
      <subfield code="g">-LITERATURA ARGENTINA|-TEATRO|-ANTOLOGIA</subfield>
      <subfield code="r">Halac, Ricardo</subfield>
      <subfield code="t">Tentempié I</subfield>
    </datafield>
    <datafield tag="505" ind1="0" ind2="0">
      <subfield code="g">p. 109-118</subfield>
      <subfield code="g">-LITERATURA ARGENTINA|-TEATRO|-ANTOLOGIA</subfield>
      <subfield code="r">Mauricio, Julio</subfield>
      <subfield code="t">Los datos personales</subfield>
    </datafield>
    <datafield tag="505" ind1="0" ind2="0">
      <subfield code="g">p. 119-132</subfield>
      <subfield code="g">-LITERATURA ARGENTINA|-TEATRO|-ANTOLOGIA</subfield>
      <subfield code="r">Viale, Oscar</subfield>
      <subfield code="t">Convivencia</subfield>
    </datafield>
    <datafield tag="773" ind1="0" ind2="#">
      <subfield code="a">Bortnik, Aída</subfield>
      <subfield code="g">-LITERATURA ARGENTINA|-TEATRO|-ANTOLOGIA</subfield>
      <subfield code="h">p. 23-38</subfield>
      <subfield code="t">Papá querido</subfield>
    </datafield>
    <datafield tag="773" ind1="0" ind2="#">
      <subfield code="a">Cossa, Roberto</subfield>
      <subfield code="g">-LITERATURA ARGENTINA|-TEATRO|-ANTOLOGIA</subfield>
      <subfield code="h">p. 39-53</subfield>
      <subfield code="t">Gris de ausencia</subfield>
    </datafield>
    <datafield tag="773" ind1="0" ind2="#">
      <subfield code="a">Gorostiza, Carlos</subfield>
      <subfield code="g">-LITERATURA ARGENTINA|-TEATRO|-ANTOLOGIA</subfield>
      <subfield code="h">p. 55-76</subfield>
      <subfield code="t">El acompañamiento</subfield>
    </datafield>
    <datafield tag="773" ind1="0" ind2="#">
      <subfield code="a">Halac, Ricardo</subfield>
      <subfield code="g">-LITERATURA ARGENTINA|-TEATRO|-ANTOLOGIA</subfield>
      <subfield code="h">p. 77-107</subfield>
      <subfield code="t">Tentempié I</subfield>
    </datafield>
    <datafield tag="773" ind1="0" ind2="#">
      <subfield code="a">Mauricio, Julio</subfield>
      <subfield code="g">-LITERATURA ARGENTINA|-TEATRO|-ANTOLOGIA</subfield>
      <subfield code="h">p. 109-118</subfield>
      <subfield code="t">Los datos personales</subfield>
    </datafield>
    <datafield tag="773" ind1="0" ind2="#">
      <subfield code="a">Viale, Oscar</subfield>
      <subfield code="g">-LITERATURA ARGENTINA|-TEATRO|-ANTOLOGIA</subfield>
      <subfield code="h">p. 119-132</subfield>
      <subfield code="t">Convivencia</subfield>
    </datafield>
    <datafield tag="942" ind1=" " ind2=" ">
      <subfield code="c">BK</subfield>
    </datafield>
    <datafield tag="952" ind1=" " ind2=" ">
      <subfield code="a">BIB_UARG</subfield>
      <subfield code="b">BIB_UARG</subfield>
      <subfield code="d">2012-07-04</subfield>
      <subfield code="y">BK</subfield>
      <subfield code="p">05-03671</subfield>
    </datafield>
  </record>