
  <record>
    <leader>01000aam  22002601a 4500</leader>
    <controlfield tag="001">YPZ96147</controlfield>
    <controlfield tag="003">YPZ</controlfield>
    <controlfield tag="005">201210021341080</controlfield>
    <controlfield tag="008">121002|###########||||||b||||||||||spa|d</controlfield>
    <datafield tag="040" ind1=" " ind2=" ">
      <subfield code="c">SIUNPA</subfield>
    </datafield>
    <datafield tag="041" ind1=" " ind2=" ">
      <subfield code="a">spa</subfield>
    </datafield>
    <datafield tag="044" ind1=" " ind2=" ">
      <subfield code="a">ES</subfield>
    </datafield>
    <datafield tag="082" ind1=" " ind2=" ">
      <subfield code="a">811.134.2 B139m</subfield>
    </datafield>
    <datafield tag="100" ind1=" " ind2=" ">
      <subfield code="a">Baehr, Rudolf.</subfield>
    </datafield>
    <datafield tag="245" ind1=" " ind2=" ">
      <subfield code="a">Manual de versificación española</subfield>
      <subfield code="c"> / Wagner, K., tr. ; López Estrada, Francisco, tr.</subfield>
    </datafield>
    <datafield tag="260" ind1=" " ind2=" ">
      <subfield code="a">Madrid</subfield>
      <subfield code="b"> : Gredos</subfield>
      <subfield code="c"> , 1970</subfield>
    </datafield>
    <datafield tag="440" ind1=" " ind2=" ">
      <subfield code="a">Serie del nuevo mundo</subfield>
      <subfield code="a">Serie del nuevo mundo</subfield>
      <subfield code="a">Colección ensayos / Eudeba</subfield>
      <subfield code="a">Biblioteca románica hispánica. III, Manuales</subfield>
      <subfield code="v">25</subfield>
    </datafield>
    <datafield tag="490" ind1=" " ind2=" ">
      <subfield code="a">Serie del nuevo mundo</subfield>
      <subfield code="a">Serie del nuevo mundo</subfield>
      <subfield code="a">Colección ensayos / Eudeba</subfield>
      <subfield code="a">Biblioteca románica hispánica. III, Manuales</subfield>
      <subfield code="v">25</subfield>
    </datafield>
    <datafield tag="942" ind1=" " ind2=" ">
      <subfield code="c">BK</subfield>
    </datafield>
    <datafield tag="952" ind1=" " ind2=" ">
      <subfield code="a">BIB_UARG</subfield>
      <subfield code="b">BIB_UARG</subfield>
      <subfield code="d">2012-07-04</subfield>
      <subfield code="y">BK</subfield>
      <subfield code="p">05-02771</subfield>
    </datafield>
  </record>