
  <record>
    <leader>01000aam  22002601a 4500</leader>
    <controlfield tag="001">YPZ96204</controlfield>
    <controlfield tag="003">YPZ</controlfield>
    <controlfield tag="005">201210111854590</controlfield>
    <controlfield tag="008">121011|###########||||||b||||||||||spa|d</controlfield>
    <datafield tag="020" ind1=" " ind2=" ">
      <subfield code="a">9080049778</subfield>
    </datafield>
    <datafield tag="022" ind1=" " ind2=" ">
      <subfield code="a">00309230</subfield>
    </datafield>
    <datafield tag="040" ind1=" " ind2=" ">
      <subfield code="c">SIUNPA</subfield>
    </datafield>
    <datafield tag="041" ind1=" " ind2=" ">
      <subfield code="a">eng</subfield>
      <subfield code="a">fre</subfield>
      <subfield code="a">ger</subfield>
    </datafield>
    <datafield tag="044" ind1=" " ind2=" ">
      <subfield code="a">BE</subfield>
    </datafield>
    <datafield tag="082" ind1=" " ind2=" ">
      <subfield code="a">37.014 S372s</subfield>
    </datafield>
    <datafield tag="245" ind1=" " ind2=" ">
      <subfield code="a">Schooling in changing societies</subfield>
      <subfield code="b"> : historical and comparative perspectives</subfield>
      <subfield code="c"> / Majorek, Czesław, ed. ; Johanningmeier, Erwin V. ; Simon, Frank, ed. ; Bruneau, William, colab.</subfield>
    </datafield>
    <datafield tag="260" ind1=" " ind2=" ">
      <subfield code="a">Gent</subfield>
      <subfield code="b"> : Centre for Study of History of Education, CSHP</subfield>
      <subfield code="c"> , 1998</subfield>
    </datafield>
    <datafield tag="440" ind1=" " ind2=" ">
      <subfield code="a">Paedagogica historica. Supplementary series</subfield>
      <subfield code="v">v.4</subfield>
    </datafield>
    <datafield tag="490" ind1=" " ind2=" ">
      <subfield code="a">Paedagogica historica. Supplementary series</subfield>
      <subfield code="v">v.4</subfield>
    </datafield>
    <datafield tag="942" ind1=" " ind2=" ">
      <subfield code="c">BK</subfield>
    </datafield>
    <datafield tag="952" ind1=" " ind2=" ">
      <subfield code="a">BIB_UARG</subfield>
      <subfield code="b">BIB_UARG</subfield>
      <subfield code="d">2012-10-11</subfield>
      <subfield code="y">BK</subfield>
      <subfield code="p">05-43194</subfield>
    </datafield>
    <datafield tag="952" ind1=" " ind2=" ">
      <subfield code="a">BIB_UARG</subfield>
      <subfield code="b">BIB_UARG</subfield>
      <subfield code="d">2013-05-14</subfield>
      <subfield code="y">BK</subfield>
      <subfield code="p">05-44715</subfield>
    </datafield>
  </record>