
  <record>
    <leader>01000aam  22002601a 4500</leader>
    <controlfield tag="001">YPZ96246</controlfield>
    <controlfield tag="003">YPZ</controlfield>
    <controlfield tag="005">201210161504100</controlfield>
    <controlfield tag="008">121016|###########||||||b||||||||||spa|d</controlfield>
    <datafield tag="020" ind1=" " ind2=" ">
      <subfield code="a">9789871242603</subfield>
    </datafield>
    <datafield tag="040" ind1=" " ind2=" ">
      <subfield code="c">SIUNPA</subfield>
    </datafield>
    <datafield tag="041" ind1=" " ind2=" ">
      <subfield code="a">spa</subfield>
    </datafield>
    <datafield tag="044" ind1=" " ind2=" ">
      <subfield code="a">AR</subfield>
    </datafield>
    <datafield tag="082" ind1=" " ind2=" ">
      <subfield code="a">378.4 U588i</subfield>
    </datafield>
    <datafield tag="110" ind1=" " ind2=" ">
      <subfield code="a">Universidad Nacional de la Patagonia Austral. Secretaría de Ciencia y Tecnología.</subfield>
    </datafield>
    <datafield tag="245" ind1=" " ind2=" ">
      <subfield code="a">Indicadores de ciencia y tecnología</subfield>
    </datafield>
    <datafield tag="260" ind1=" " ind2=" ">
      <subfield code="a">Río Gallegos</subfield>
      <subfield code="b"> : Universidad Nacional de la Patagonia Austral, UNPA</subfield>
      <subfield code="c"> , 2011</subfield>
    </datafield>
    <datafield tag="942" ind1=" " ind2=" ">
      <subfield code="c">BK</subfield>
    </datafield>
    <datafield tag="952" ind1=" " ind2=" ">
      <subfield code="a">BIB_UACO</subfield>
      <subfield code="b">BIB_UACO</subfield>
      <subfield code="d">2012-10-15</subfield>
      <subfield code="y">BK</subfield>
      <subfield code="p">02-43238</subfield>
    </datafield>
    <datafield tag="952" ind1=" " ind2=" ">
      <subfield code="a">BIB_UACO</subfield>
      <subfield code="b">BIB_UACO</subfield>
      <subfield code="d">2012-10-15</subfield>
      <subfield code="y">BK</subfield>
      <subfield code="p">02-43239</subfield>
    </datafield>
    <datafield tag="952" ind1=" " ind2=" ">
      <subfield code="a">BIB_UACO</subfield>
      <subfield code="b">BIB_UACO</subfield>
      <subfield code="d">2013-02-14</subfield>
      <subfield code="y">BK</subfield>
      <subfield code="p">02-43857</subfield>
    </datafield>
    <datafield tag="952" ind1=" " ind2=" ">
      <subfield code="a">BIB_UART</subfield>
      <subfield code="b">BIB_UART</subfield>
      <subfield code="d">2012-10-15</subfield>
      <subfield code="y">BK</subfield>
      <subfield code="p">03-43236</subfield>
    </datafield>
    <datafield tag="952" ind1=" " ind2=" ">
      <subfield code="a">BIB_UASJ</subfield>
      <subfield code="b">BIB_UASJ</subfield>
      <subfield code="d">2012-10-16</subfield>
      <subfield code="y">BK</subfield>
      <subfield code="p">04-43245</subfield>
    </datafield>
    <datafield tag="952" ind1=" " ind2=" ">
      <subfield code="a">BIB_UARG</subfield>
      <subfield code="b">BIB_UARG</subfield>
      <subfield code="d">2012-10-15</subfield>
      <subfield code="y">BK</subfield>
      <subfield code="p">05-43241</subfield>
    </datafield>
    <datafield tag="952" ind1=" " ind2=" ">
      <subfield code="a">BIB_UARG</subfield>
      <subfield code="b">BIB_UARG</subfield>
      <subfield code="d">2012-10-15</subfield>
      <subfield code="y">BK</subfield>
      <subfield code="p">05-43242</subfield>
    </datafield>
    <datafield tag="952" ind1=" " ind2=" ">
      <subfield code="a">BIB_UARG</subfield>
      <subfield code="b">BIB_UARG</subfield>
      <subfield code="d">2016-04-26</subfield>
      <subfield code="y">BK</subfield>
      <subfield code="p">05-47890</subfield>
    </datafield>
    <datafield tag="952" ind1=" " ind2=" ">
      <subfield code="a">SAT_TRUN</subfield>
      <subfield code="b">SAT_TRUN</subfield>
      <subfield code="d">2012-10-15</subfield>
      <subfield code="y">BK</subfield>
      <subfield code="p">10-43221</subfield>
    </datafield>
    <datafield tag="952" ind1=" " ind2=" ">
      <subfield code="a">SAT_PBNA</subfield>
      <subfield code="b">SAT_PBNA</subfield>
      <subfield code="d">2012-10-15</subfield>
      <subfield code="y">BK</subfield>
      <subfield code="p">11-43219</subfield>
    </datafield>
    <datafield tag="952" ind1=" " ind2=" ">
      <subfield code="a">SAT_CLFT</subfield>
      <subfield code="b">SAT_CLFT</subfield>
      <subfield code="d">2012-10-15</subfield>
      <subfield code="y">BK</subfield>
      <subfield code="p">12-43223</subfield>
    </datafield>
    <datafield tag="952" ind1=" " ind2=" ">
      <subfield code="a">SAT_PMDN </subfield>
      <subfield code="b">SAT_PMDN </subfield>
      <subfield code="d">2012-10-15</subfield>
      <subfield code="y">BK</subfield>
      <subfield code="p">15-43233</subfield>
    </datafield>
    <datafield tag="952" ind1=" " ind2=" ">
      <subfield code="a">SAT_PDES</subfield>
      <subfield code="b">SAT_PDES</subfield>
      <subfield code="d">2012-10-15</subfield>
      <subfield code="y">BK</subfield>
      <subfield code="p">16-43231</subfield>
    </datafield>
    <datafield tag="952" ind1=" " ind2=" ">
      <subfield code="a">SAT_RGRA</subfield>
      <subfield code="b">SAT_RGRA</subfield>
      <subfield code="d">2012-10-15</subfield>
      <subfield code="y">BK</subfield>
      <subfield code="p">17-43229</subfield>
    </datafield>
    <datafield tag="952" ind1=" " ind2=" ">
      <subfield code="a">SAT_GREG</subfield>
      <subfield code="b">SAT_GREG</subfield>
      <subfield code="d">2012-10-15</subfield>
      <subfield code="y">BK</subfield>
      <subfield code="p">18-43225</subfield>
    </datafield>
    <datafield tag="952" ind1=" " ind2=" ">
      <subfield code="a">SAT_USHU</subfield>
      <subfield code="b">SAT_USHU</subfield>
      <subfield code="d">2012-10-15</subfield>
      <subfield code="y">BK</subfield>
      <subfield code="p">19-43227</subfield>
    </datafield>
  </record>